@article{Temperton_1995, title={Treatment of the Coriolis Terms in Semi-Lagrangian Spectral Models}, number={March 1994}, author={Temperton, Clive}, year={1995} }

@article{Schreiber_Schaeffer_Loft_2019, title={Exponential integrators with parallel-in-time rational approximations for the shallow-water equations on the rotating sphere}, volume={85}, ISSN={0167-8191}, DOI={10.1016/j.parco.2019.01.005}, journal={Parallel Computing}, publisher={Elsevier B.V.}, author={Schreiber, Martin and Schaeffer, NathanaÃ«l and Loft, Richard}, year={2019}, pages={56-65} }
 
@article{Schreiber_Loft_2018, title={A parallel time integrator for solving the linearized shallow water equations on the rotating sphere}, volume={26}, ISSN={10991506}, url={https://doi.org/10.1002/nla.2220}, DOI={10.1002/nla.2220}, number={2}, journal={Numerical Linear Algebra with Applications}, author={Schreiber, Martin and Loft, Richard}, year={2018} }

 @article{Williamson_David_1992, title={A standard test set for numerical approximations to the shallow water equations in spherical geometry}, volume={102}, ISSN={00219991}, DOI={10.1016/S0021-9991(05)80016-6}, author={Williamson, David L. and Drake, John B. and Hack, James J. and Jakob, Rudiger and Swarztrauber, Paul N.}, year={1992}, pages={211-224} }

 @book{Hack_Jakob_1992, title={Description of a global shallow water model based on the spectral transform method}, volume={NCAR/TN-34}, url={http://nldr.library.ucar.edu/repository/assets/technotes/asset-000-000-000-154.pdf}, journal={NCAR Technical Note}, author={Hack, JJ and Jakob, R}, year={1992} }

 @article{BOURKE_1972, title={An Efficient, One-Level, Primitive-Equation Spectral Model}, volume={100}, ISSN={0027-0644}, DOI={10.1175/1520-0493(1972)100<0683:aeopsm>2.3.co;2}, abstractNote={A one-level, global, spectral model using the primitive equations is formulated in terms of a concise form of the prognostic equations for vorticity and divergence. The model integration incorporates a grid transform technique to evaluate nonlinear terms; the computational efficiency of the model is found to be far superior to that of an equivalent model based on the traditional interaction coefficients. The transform model, in integrations of 116 days, satisfies principles of conservation of energy, angular momentum, and square potential vorticity to a high degree.}, number={9}, journal={Monthly Weather Review}, author={BOURKE, WILLIAM}, year={1972}, pages={683-689} }

