%-------------------------------------------------------%
%    Bibliography Database                              %
%    Pedro Peixoto                                      %
%                                                       %
%    March 2013                                         %
%-------------------------------------------------------%

%% PhD

@Article{Dubos2015,
AUTHOR = {Dubos, T. and Dubey, S. and Tort, M. and Mittal, R. and Meurdesoif, Y. and Hourdin, F.},
TITLE = {{DYNAMICO-1.0, an icosahedral hydrostatic dynamical core designed for consistency and versatility}},
JOURNAL = {Geoscientific Model Development},
VOLUME = {8},
YEAR = {2015},
NUMBER = {10},
PAGES = {3131--3150},
}

@article{Peixoto2015,
title = "Accuracy analysis of mimetic finite volume operators on geodesic grids and a consistent alternative ",
journal = "J. Comput. Phys. - Submitted",
volume = "",
number = "",
pages = "",
year = "2015",
author = "Pedro S. Peixoto",
}

@article{Bell2015,
title = "Numerical instabilities of vector invariant momentum equations on rectangular {C}-grids",
journal = "Quart. J. R. Met. Soc. - under review",
volume = "",
number = "",
pages = "",
year = "2015",
author = "Michael J. Bell and Pedro S. Peixoto and John Thuburn ",
}


@article{Peixoto2014,
title = "On vector field reconstructions for semi-Lagrangian transport methods on geodesic staggered grids ",
journal = "J. Comput. Phys. ",
volume = "273",
number = "0",
pages = "185 - 211",
year = "2014",
author = "Pedro S. Peixoto and Saulo R.M. Barros",
}

@Article{Weller2014,
AUTHOR = {Weller, H.},
TITLE = {{Non-orthogonal version of the arbitrary polygonal C-grid and a new diamond grid}},
JOURNAL = {Geoscientific Model Development},
VOLUME = {7},
YEAR = {2014},
NUMBER = {3},
PAGES = {779-797},
}

@Article{Thuburn2014,
AUTHOR = {Thuburn, J. and Cotter, C. J. and Dubos, T.},
TITLE = {A mimetic, semi-implicit, forward-in-time, finite volume shallow water model: comparison of hexagonal-icosahedral and cubed-sphere grids},
JOURNAL = {Geoscientific Model Development},
VOLUME = {7},
YEAR = {2014},
NUMBER = {3},
PAGES = {909--929},
}

@article{Cotter2014,
  title={A finite element exterior calculus framework for the rotating shallow-water equations},
  author={Cotter, CJ and Thuburn, J},
  journal={J. Comput. Phys.},
  volume={257},
  pages={1506--1526},
  year={2014},
}

@article {Dubos2013,
author = {Dubos, T. and Kevlahan, N. K-R.},
title = {A conservative adaptive wavelet method for the shallow-water equations on staggered grids},
journal = {Quart. J. R. Met. Soc.},
volume = {139},
number = {677},
pages = {1997--2020},
year = {2013},
}

@article {Gassmann2013,
author = {Gassmann, Almut},
title = {{A global hexagonal C-grid non-hydrostatic dynamical core (ICON-IAP) designed for energetic consistency}},
journal = {Quart. J. R. Met. Soc.},
volume = {139},
number = {670},
pages = {152--175},
year = {2013},
}

@article{Ringler2013,
title = "A multi-resolution approach to global ocean modeling ",
journal = "Ocean Model. ",
volume = "69",
number = "0",
pages = "211 - 232",
year = "2013",
note = "",
author = "Todd Ringler and Mark Petersen and Robert L. Higdon and Doug Jacobsen and Philip W. Jones and Mathew Maltrud",
}

@article{Heikes2013,
  title={Optimized Icosahedral Grids: Performance of Finite-Difference Operators and Multigrid Solver},
  author={Heikes, Ross P and Randall, David A and Konor, Celal S},
  journal={Monthly Weather Review},
  volume={141},
  number={12},
  year={2013}
}

@Article{Wan2013,
AUTHOR = {Wan, H. and Giorgetta, M. A. and Z\"angl, G. and Restelli, M. and Majewski, D. and Bonaventura, L. and Fr\"ohlich, K. and Reinert, D. and R\'{\i}podas, P. and Kornblueh, L. and F\"orstner, J.},
TITLE = {{The ICON-1.2 hydrostatic atmospheric dynamical core on triangular grids. Part 1: Formulation and performance of the baseline version}},
JOURNAL = {Geoscientific Model Development},
VOLUME = {6},
YEAR = {2013},
NUMBER = {3},
PAGES = {735--763},
OPTURL = {http://www.geosci-model-dev.net/6/735/2013/},
}

@PHDTHESIS{Peixoto2013b,
  AUTHOR =       {Pedro S. Peixoto},
  TITLE =        {Análise de discretizações e interpolações em malhas icosaédricas e aplicações em modelos de transporte semi-lagrangianos},
  SCHOOL =       {Instituto de Matemática e Estatística da Universidade de São Paulo},
  YEAR =         {2013},
}


@article{Peixoto2013,
title = "Analysis of grid imprinting on geodesic spherical icosahedral grids",
journal = "J. Comput. Phys.",
volume = "237",
pages = "61 - 78",
year = "2013",
author = "Pedro S. Peixoto and Saulo R. M. Barros",
}

@ARTICLE{Chen2012,
   author = {{Chen}, C. and {Bin}, J. and {Xiao}, F.},
    title = "{A Global Multimoment Constrained Finite-Volume Scheme for Advection Transport on the Hexagonal Geodesic Grid}",
  journal = {Mon. Wea. Rev.},
     year = 2012,
    month = mar,
   volume = 140,
    pages = {941-955},
}

@article{Brown2012,
title={Unified Modeling and Prediction of Weather and Climate: A 25-Year Journey},
author={Brown, Andrew and Milton, Sean and Cullen, Mike and Golding, Brian and Mitchell, John and Shelly, Ann},
year={2012},
journal={Bull. Amer. Meteor. Soc.},
pages={1865-1877},
volume={93},
issue={12},
}

@article{Kelly2012,
title = "Continuous and discontinuous Galerkin methods for a scalable three-dimensional nonhydrostatic atmospheric model: Limited-area mode",
journal = "J. Comput. Phys.",
volume = "231",
number = "24",
pages = "7988 - 8008",
year = "2012",
author = "James F. Kelly and Francis X. Giraldo",
}


@article{Skamarock2012,
   author = {{Skamarock}, W. C. and {Klemp}, J. B. and {Duda}, M. G. and
	{Fowler}, L. D. and {Park}, S.-H. and {Ringler}, T. D.},
    title = "{A Multiscale Nonhydrostatic Atmospheric Model Using Centroidal Voronoi Tesselations and C-Grid Staggering}",
  journal = {Mon. Wea. Rev.},
     year = 2012,
    month = sep,
   volume = 140,
    pages = {3090-3105},
}

@article{Klausen2012,
  year={2012},
  journal={Computat. Geosci.}, 
  volume={16},
  issue={2},
  title={Velocity interpolation and streamline tracing on irregular geometries},
  author={Klausen, RunhildA. and Rasmussen, AtgeirrF. and Stephansen, AnnetteF.},
  pages={261-276},
}

@article{Thuburn2012,
author = {Thuburn, J and Cotter, CJ},
journal = {SIAM J. Sci. Comput.},
pages = {B203--B225},
title = {A FRAMEWORK FOR MIMETIC DISCRETIZATION OF THE ROTATING SHALLOW-WATER EQUATIONS ON ARBITRARY POLYGONAL GRIDS},
volume = {34},
year = {2012}
}

@article{Fasshauer2012,
  author = {Fasshauer, G. and McCourt, M.},
  title = {Stable Evaluation of Gaussian Radial Basis Function Interpolants},
  journal = {SIAM J. Sci. Comput.},
  volume = {34},
  number = {2},
  pages = {A737-A762},
  year = {2012},
}

@MISC{Fasshauer2012b,
  AUTHOR =       {Greg Fasshauer},
  TITLE =        {Mathematica {CDF} for Positive Definite Kernels},
  YEAR =         {2012},
  howpublished = {Online computational documents},
  note =       {\url{http://www.math.iit.edu/~fass/PDKernelsMathematica.html}},
}


@Misc{Lee2012,
author = {Jin Lee and A. E. MacDonald},
title = {The nonhydrostatic icosahedral model {(NIM)}},
howpublished = {Web report - NOAA/ESRL, Boulder, CO},
month = {July},
year = {2012},
}

@article{Weller2012,
           title = {{Computational modes and grid imprinting on five quasi-uniform spherical C-grids}},
          author = {Hilary Weller and John Thuburn and Colin J. Cotter},
       publisher = {American Meteorological Society},
            year = {2012},
         journal = {Mon. Wea. Rev.},
        volume = {140},
         number = {8},
        pages = { 2734-2755}
}
@article{Weller2012b,
           title = {{Controlling the Computational Modes of the Arbitrarily Structured C Grid}},
          author = {Hilary Weller},
       publisher = {American Meteorological Society},
            year = {2012},
         journal = {Mon. Wea. Rev.},
        volume = {140},
         number = {10},
        pages = { 3220-3234}
}

@article{Ullrich2012,
  title = "MCore: A non-hydrostatic atmospheric dynamical core utilizing high-order finite-volume methods",
  journal = "J. Comput. Phys.",
  volume = "231",
  number = "15",
  pages = "5078 - 5108",
  year = "2012",
  author = "Paul A. Ullrich and Christiane Jablonowski",
}

@article{Gassmann2011,
title = "{Inspection of hexagonal and triangular C-grid discretizations of the shallow water equations}",
journal = "J. Comput. Phys. ",
volume = "230",
number = "7",
pages = "2706-2721",
year = "2011",
author = "Almut Gassmann",
}

@article{Wang2011,
title = "Reconstruction of vector fields for semi-Lagrangian advection on unstructured, staggered grids",
journal = "Ocean Model.",
volume = "40",
number = "1",
pages = "52-71",
year = "2011",
author = "B. Wang and G. Zhao and O.B. Fringer",
}

@book{Devadoss2011,
  author="Devadoss, Satyan L. and O'Rourke, Joseph",
  title="Discrete and computational geometry",
  publisher="Princeton University Press",
  year="2011",
}

@incollection {Ju2011,
   author = {Ju, Lili and Ringler, Todd D. and Gunzburger, Max},
   affiliation = {Department of Mathematics, University of South Carolina, Columbia, SC 29208, USA},
   title = {Voronoi Tessellations and Their Application to Climate and Global Modeling},
   booktitle = {Numerical Techniques for Global Atmospheric Models},
   series = {Lecture Notes in Computational Science and Engineering},
   editor = {Lauritzen, Peter and Jablonowski, Christiane and Taylor, Mark and Nair, Ramachandran},
   publisher = {Springer Berlin Heidelberg},
   isbn = {978-3-642-11640-7},
   keyword = {Mathematics and Statistics},
   pages = {313-342},
   volume = {80},
   year = {2011}
}

@article {Bonaventura2011,
author = {Bonaventura, L. and Iske, A. and Miglio, E.},
title = {Kernel-based vector field reconstruction in computational fluid dynamic models},
journal = {Int. J. Numer. Meth. Fl.},
volume = {66},
number = {6},
pages = {714--729},
year = {2011},
}

@article {Staniforth2011,
	author = {Staniforth, Andrew and Thuburn, John},
	title = {{Horizontal grids for global weather and climate prediction models: a review}},
	journal = {Quart. J. R. Met. Soc.},
	volume = {138},
	number = {662},
	publisher = {John Wiley & Sons, Ltd.},
	pages = {1--26},
	year = {2012},
}

@ARTICLE{Fasshauer2011,
  AUTHOR =       {Greg Fasshauer},
  TITLE =        {{Positive Definite Kernels: Past, Present and Future}},
  JOURNAL =      {  Dolomites Research Notes on Approximation},
  YEAR =         {2011},
  volume =       {4},
  pages =        {21-63},
}


@article {Gillete2011,
   author = {Gillette, Andrew and Rand, Alexander and Bajaj, Chandrajit},
   title = {Error estimates for generalized barycentric interpolation},
   journal = {Adv. Comput. Math.},
   publisher = {Springer U.S.},
   issn = {1019-7168},
   keyword = {Computer Science},
   pages = {417-439},
   volume = {37},
   issue = {3},
   year = {2012},
}

@misc{Lidberg2011,
author = {Lidberg, Petter},
institution = {Uppsala University, Department of Mathematics},
pages = {37},
title = {Barycentric and Wachspress coordinates in two dimensions: theory and implementation for shape transformations},
series = {U.U.D.M. HPM project reports},
year = {2011},
}

@TECHREPORT{FIM2011,
  AUTHOR =       {Jian-Wen Bao and Stan Benjamin and Rainer Bleck and John Brown and Jin Lee and Alexander MacDonald and Jacques Middlecoff and Ning Wang},
  TITLE =        {{FIM documentation}},
  INSTITUTION =  {Earth System Research Laboratory - National Oceanic and Atmospheric Administration (NOAA)},
  YEAR =         {2011},
  month =        {March},
  source =       {\url{fim.noaa.gov}},
}

@article{Ringler2011,
  title={Exploring a multiresolution modeling approach within the shallow-water equations},
  author={Ringler, Todd D. and Jacobsen, Doug and Gunzburger, Max and Ju, Lili and Duda, Michael and Skamarock, William},
  journal={Mon. Wea. Rev.},
  volume={139},
  number={11},
  pages={3348--3368},
  year={2011}
}

@article {Thuburn2010,
author = {Thuburn, J. and Zerroukat, M. and Wood, N. and Staniforth, A.},
title = {Coupling a mass-conserving semi-Lagrangian scheme {(SLICE)} to a semi-implicit discretization of the shallow-water equations: Minimizing the dependence on a reference atmosphere},
journal = {Quart. J. R. Met. Soc.},
volume = {136},
number = {646},
pages = {146-154},
year = {2010},
}

@book{Durran2010,
  title={Numerical methods for fluid dynamics: With applications to geophysics},
  author={Durran, Dale R},
  volume={32},
  year={2010},
  publisher={Springer}
}

@article{Ullrich2010,
title = "High-order finite-volume methods for the shallow-water equations on the sphere ",
journal = "J. Comput. Phys. ",
volume = "229",
number = "17",
pages = "6104 - 6134",
year = "2010",
author = "Paul A. Ullrich and Christiane Jablonowski and Bram van Leer",
}

@article{Lauritzen2010,
title = "A conservative semi-Lagrangian multi-tracer transport scheme (CSLAM) on the cubed-sphere grid",
journal = "J. Comput. Phys.",
volume = "229",
number = "5",
pages = "1401 - 1424",
year = "2010",
note = "",
author = "Peter H. Lauritzen and Ramachandran D. Nair and Paul A. Ullrich",
}

@article{Skamarock2010a,
    author = {Skamarock, William C. and Menchaca, Maximo},
    booktitle = {Monthly Weather Review},
    journal = {Mon. Wea. Rev.},
    month = aug,
    number = {12},
    pages = {4497--4508},
    publisher = {American Meteorological Society},
    title = {{Conservative Transport Schemes for Spherical Geodesic Grids: High-Order Reconstructions for Forward-in-Time Schemes}},
    volume = {138},
    year = {2010}
}

@ARTICLE{Skamarock2010b,
   author = {{Skamarock}, W.~C. and {Gassmann}, A.},
    title = "{Conservative Transport Schemes for Spherical Geodesic Grids: High-Order Flux Operators for ODE-Based Time Integration}",
  journal = {Mon. Wea. Rev.},
     year = 2011,
    month = sep,
   volume = 139,
    pages = {2962-2975},
}


@inproceedings{Govett2010,
 author = {Govett, Mark W. and Middlecoff, Jacques and Henderson, Tom},
 title = {{Running the NIM Next-Generation Weather Model on GPUs}},
 booktitle = {Proceedings of the 2010 10th IEEE/ACM International Conference on Cluster, Cloud and Grid Computing},
 series = {CCGRID '10},
 year = {2010},
 pages = {792--796},
 numpages = {5},
 publisher = {IEEE Computer Society},
 address = {Washington, DC, USA},
}

@article {Rustamov2010,
author = {Rustamov, Raif M.},
title = {Barycentric Coordinates on Surfaces},
journal = {Comput. Graph. Forum},
volume = {29},
number = {5},
publisher = {Blackwell Publishing Ltd},
pages = {1507-1516},
year = {2010},
}

@article{Thacker2010,
 author = {Thacker, William I. and Zhang, Jingwei and Watson, Layne T. and Birch, Jeffrey B. and Iyer, Manjula A. and Berry, Michael W.},
 title = {{Algorithm 905: SHEPPACK: Modified Shepard Algorithm for Interpolation of Scattered Multivariate Data}},
 journal = {ACM Trans. Math. Softw.},
 volume = {37},
 number = {3},
 month = sep,
 year = {2010},
 pages = {34:1-34:20},
 articleno = {34},
 numpages = {20},
 publisher = {ACM},
 address = {New York, NY, USA},
}

@article{Skamarock2010,
author = {Skamarock, William and Menchaca, Maximo},
title = {{Conservative transport schemes for spherical geodesic grids: High-order reconstructions for forward-in-time schemes}},
year = { 2010 },
issn = {0027-0644},
volume = {138},
number = { 12},
pages = {4497-4508},
journal = { Mon. Wea. Rev.},
}


@article{Nair2010,
title = "A class of deformational flow test cases for linear transport problems on the sphere",
journal = "J. Comput. Phys.",
volume = "229",
number = "23",
pages = "8868 - 8887",
year = "2010",
note = "",
author = "Ramachandran D. Nair and Peter H. Lauritzen",
}


@article{Cavoretto2010,
 author = {Cavoretto, Roberto and De Rossi, Alessandra},
 title = {Fast and accurate interpolation of large scattered data sets on the sphere},
 journal = {J. Comput. Appl. Math.},
 volume = {234},
 issue = {5},
 month = {July},
 year = {2010},
 issn = {0377-0427},
 pages = {1505--1521},
 numpages = {17},
 publisher = {Elsevier Science Publishers B. V.},
 address = {Amsterdam, The Netherlands, The Netherlands},
}

@article{Ii2010,
title = "A global shallow water model using high order multi-moment constrained finite volume method and icosahedral grid ",
journal = "J. Comput. Phys. ",
volume = "229",
number = "5",
pages = "1774 - 1796",
year = "2010",
author = "Satoshi Ii and Feng Xiao",
}

@article{Ringler2010,
title = "A unified approach to energy conservation and potential vorticity dynamics for arbitrarily-structured {C}-grids",
journal = "J. Comput. Phys.",
volume = "229",
number = "9",
pages = "3065 - 3090",
year = "2010",
author = "T. D. Ringler and J. Thuburn and J. B. Klemp and W. C. Skamarock",
}

@article{Kleptsova2009,
title = "{On the accurate and stable reconstruction of tangential velocities in C-grid ocean models }",
journal = "Ocean Model. ",
volume = "28",
number = "1–3",
pages = "118 - 126",
year = "2009",
note = "The Sixth International Workshop on Unstructured Mesh Numerical Modelling of Coastal, Shelf and Ocean Flows ",
author = "O. Kleptsova and J.D. Pietrzak and G.S. Stelling",
}


@ARTICLE{Lee2009,
   author = {{Lee}, J.-L. and {MacDonald}, A.~E.},
    title = "{A Finite-Volume Icosahedral Shallow-Water Model on a Local Coordinate}",
  journal = {Mon. Wea. Rev.},
     year = 2009,
   volume = 137,
    pages = {1422},
}

@article{Walters2009,
title = "Comparison of unstructured, staggered grid methods for the shallow water equations",
journal = "Ocean Model.",
volume = "28",
number = "1-3",
pages = "106-117",
year = "2009",
author = "R.A. Walters and Emmanuel Hanert and J. Pietrzak and D.Y. Le Roux",
}

@ARTICLE{Vidovic2009,
   author = {{Vidovic}, D.},
    title = "{Polynomial reconstruction of staggered unstructured vector fields}",
  journal = {Theoretical and Applied Mechanics},
     year = 2009,
   volume = 36,
    pages = {85-99},
}

@PHDTHESIS{Wan2009,
  AUTHOR =       {Hui Wan},
  TITLE =        {Developing and testing a hydrostatic atmospheric dynamical core on triangular grids},
  SCHOOL =       {International Max Planck Research School on Earth System Modelling},
  YEAR =         {2009},
  address =      {Max Planck Institute for Meteorology, Hamburg, Germany},
}

@article{Thuburn2009,
 author = {Thuburn, J. and Ringler, T. D. and Skamarock, W. C. and Klemp, J. B.},
 title = {Numerical representation of geostrophic modes on arbitrarily structured {C}-grids},
 journal = {J. Comput. Phys.},
 volume = {228},
 issue = {22},
 month = {December},
 year = {2009},
 pages = {8321--8335},
 numpages = {15},
}

@article{Thuburn2008,
title = "Numerical wave propagation on the hexagonal {C}-grid ",
author = "J. Thuburn",
journal = "J. Comput. Phys. ",
volume = "227",
number = "11",
pages = "5836 - 5858",
year = "2008",
note = "",
}

@article{Ripodas2009,
  AUTHOR = {R\'{\i}podas, P. and Gassmann, A. and F\"orstner, J. and Majewski, D. and Giorgetta, M. and Korn, P. and Kornblueh, L. and Wan, H. and Z\"angl, G. and Bonaventura, L. and Heinze, T.},
  TITLE = {Icosahedral Shallow Water Model ({ICOSWM}): results of shallow water  test cases and sensitivity to model parameters},
  JOURNAL = {Geosci. Model Dev. Discuss.},
  VOLUME = {2},
  YEAR = {2009},
  NUMBER = {1},
  PAGES = {581--638},
}

@article{Washington2009,
  author = {Washington, Warren M and Buja, Lawrence and Craig, Anthony},
  title = {{The computational future for climate and Earth system models: on the path to petaflop and beyond}},
  journal = {Philosophical Transactions of the Royal Society A: Mathematical, Physical and Engineering Sciences},
  volume = {367},
  number = {1890},
  pages = {833-846},
  year = {2009}
}

@article{SILVA2009,
   title = {{Modelo OLAM (ocean-land-atmosphere-model): descrição, aplicações, e perspectivas}},
   journal = {{Revista Brasileira de Meteorologia}},
   author={Silva, Renato Ramos AND Silva Dias, Pedro Leite AND Moreira, Demerval Soares AND Souza, Everaldo Barreiros},
   language = {pt},
   volume = {24},
   year = {2009},
   month = {06},
   pages = {144 - 157},
   publisher = {scielo},
   }


@article{Fusilier2009,
author = {Fuselier, E. and Wright, G.},
title = {Stability and Error Estimates for Vector Field Interpolation and Decomposition on the Sphere with RBFs},
journal = {SIAM J. Numer. Anal.},
volume = {47},
number = {5},
pages = {3213-3239},
year = {2009},
}

@article{Barbeiro2009,
title = "Supraconvergent cell-centered scheme for two dimensional elliptic problems ",
journal = "Applied Numerical Mathematics ",
volume = "59",
number = "1",
pages = "56 - 72",
year = "2009",
note = "",
author = "S. Barbeiro",
}

@article{Gregory2008,
title = "A comparison of intercell metrics on discrete global grid systems ",
journal = "Computers, Environment and Urban Systems ",
volume = "32",
number = "3",
pages = "188 - 203",
year = "2008",
author = "Matthew J. Gregory and A. Jon Kimerling and Denis White and Kevin Sahr",
}

@article { Steppeler2008,
title = { Third-order finite-difference schemes on icosahedral-type grids on the sphere},
author = {J Steppeler and P Ripodas and B Jonkheid and Stephen Thomas},
journal = {Mon. Wea. Rev.},
year = {2008},
month = {July},
volume = {136},
number = {7},
pages = {2683-2698},
}

@ARTICLE{Tran2008,
  AUTHOR =       {Thanh Tran and Quoc Thong Le Gia},
  TITLE =        {Interpolation on the sphere: a fast solution technique},
  JOURNAL =      {ANZIAM Journal},
  YEAR =         {2008},
  volume =       {50},
  number =       {nov},
}

@article{Staniforth2008,
 author = {Staniforth, Andrew and Wood, Nigel},
 title = {Aspects of the dynamical core of a nonhydrostatic, deep-atmosphere, unified weather and climate-prediction model},
 journal = {J. Comput. Phys.},
 issue_date = {March, 2008},
 volume = {227},
 number = {7},
 month = mar,
 year = {2008},
 issn = {0021-9991},
 pages = {3445--3464},
 numpages = {20},
}

@article{Chen2008,
 author = {Chen, Chungang and Xiao, Feng},
 title = {Shallow water model on cubed-sphere by multi-moment finite volume method},
 journal = {J. Comput. Phys.},
 issue_date = {May, 2008},
 volume = {227},
 number = {10},
 month = may,
 year = {2008},
 issn = {0021-9991},
 pages = {5019--5044},
 numpages = {26},
}

@article{Fornberg2008,
author = {Fornberg, B. and Piret, C.},
title = {A Stable Algorithm for Flat Radial Basis Functions on a Sphere},
journal = {SIAM J. Sci. Comput.},
volume = {30},
number = {1},
pages = {60-80},
year = {2008},
}

@article{Walko2008a,
author = {Walko, Robert L. and Avissar, Roni},
title = {{The Ocean-Land-Atmosphere Model {(OLAM)}. Part I: shallow-water tests}},
journal = {Mon. Wea. Rev.},
volume = {136},
number = {11},
pages = {4033-4044},
year = {2008},
}

@article{Walko2008b,
author = {Walko, Robert L. and Avissar, Roni},
title = {{The Ocean-Land-Atmosphere Model (OLAM). Part II: Formulation and Tests of the Nonhydrostatic Dynamic Core}},
journal = {Mon. Wea. Rev.},
volume = {136},
number = {11},
pages = {4045-4062},
year = {2008},
}

@article{Satoh2008,
    author = {Satoh, M. and Matsuno, T. and Tomita, H. and Miura, H. and Nasuno, T. and Iga, S.},
    journal = {J. Comput. Phys.},
    number = {7},
    pages = {3486--3514},
    title = {{Nonhydrostatic icosahedral atmospheric model (NICAM) for global cloud resolving simulations}},
    volume = {227},
    year = {2008}
}


@article{Tomita2008,
author = {Hirofumi Tomita and Koji Goto and Masaki Satoh},
title = {{A New Approach to Atmospheric General Circulation Model: Global Cloud Resolving Model NICAM and its Computational Performance}},
publisher = {SIAM},
year = {2008},
journal = {SIAM J. Sci. Comput.},
volume = {30},
number = {6},
pages = {2755-2776},
}

@incollection{Joppich2008,
 author = {Joppich, Wolfgang and Pott, Sabine},
 title = {Results Obtained with a Semi-lagrangian Mass-Integrating Transport Algorithm by Using the {GME} Grid},
 booktitle = {Large-Scale Scientific Computing},
 editor = {Lirkov, Ivan and Margenov, Svetozar and Wa\'{s}niewski, Jerzy},
 year = {2008},
 pages = {417-424},
 numpages = {8},
 publisher = {Springer-Verlag},
 address = {Berlin, Heidelberg},
}


@MANUAL{Majewski2008,
  TITLE =        {{GME User's Guide}},
  author =       {Majewski, D and Frank, H. and Liermann, D.},
  organization = {DWD},
  note =         {Corresponding to model version gmtri 2.17 and higher},
  year = {2008}
}

@article {Hesse2008,
    AUTHOR = {Hesse, Kerstin and Le Gia, Q. T.},
     TITLE = {Local radial basis function approximation on the sphere},
   JOURNAL = {Bull. Aust. Math. Soc.},
  FJOURNAL = {Bulletin of the Australian Mathematical Society},
    VOLUME = {77},
      YEAR = {2008},
    NUMBER = {2},
     PAGES = {197--224}
}

@article{Ham2007,
title = "The symmetry and stability of unstructured mesh C-grid shallow water models under the influence of Coriolis ",
journal = "Ocean Model. ",
volume = "16",
number = "1–2",
pages = "47 - 60",
year = "2007",
note = "",
author = "David A. Ham and Stephan C. Kramer and Guus S. Stelling and Julie Pietrzak",
}

@article{ Pascal2007,
	author = {{Pascal, Fr\'ed\'eric}},
	title = {On supra-convergence of the finite volume method for the linear advection problem},
	journal = {ESAIM: Proc.},
	year = 2007,
	volume = 18,
	pages = "38-47",
}

@article{Fornberg2007,
 author = {Fornberg, Bengt and Zuev, Julia},
 title = {The Runge phenomenon and spatially variable shape parameters in {RBF} interpolation},
 journal = {Comput. Math. Appl.},
 issue_date = {August, 2007},
 volume = {54},
 number = {3},
 month = aug,
 year = {2007},
 issn = {0898-1221},
 pages = {379--398},
 numpages = {20}
} 

@article{Barros2007,
 author = {Barros, Saulo R. M. and Garcia, Claudia I.},
 title = {A global finite-difference semi-Lagrangian model for the adiabatic primitive equations},
 journal = {J. Comput. Phys.},
 issue_date = {October, 2007},
 volume = {226},
 number = {2},
 month = oct,
 year = {2007},
 pages = {1645--1667},
 numpages = {23},
}

@article{Espelid2007,
title = "Coriolis weighting on unstructured staggered grids ",
journal = "Ocean Model. ",
volume = "16",
number = "1–2",
pages = "61 - 75",
year = "2007",
author = "Terje O. Espelid and Jarle Berntsen",
}

@MASTERSTHESIS{Ruppert2007,
  AUTHOR =       {Tobias Ruppert},
  TITLE =        {Vector Field Reconstruction by Radial Basis Functions},
  SCHOOL =       {Technical University Darmstadt},
  YEAR =         {2007},
  type     = "Diploma Thesis",
}


@ARTICLE{Villiers2007,
  AUTHOR =       {Villiers, Michael de },
  TITLE =        {A Hexagon Result and its Generalization via Proof},
  JOURNAL =      {The Montana Mathematics Enthusiast},
  YEAR =         {2007},
  volume =       {4},
  number =       {2},
  pages =        {138-267},
  month =        {June},
}

@ARTICLE{Miura2007,
   author = {{Miura}, H.},
    title = "{A Fourth-Order-Centered Finite-Volume Scheme for Regular Hexagonal Grids}",
  journal = {Mon. Wea. Rev.},
     year = 2007,
   volume = 135,
}

@ARTICLE{Miura2007b,
   author = {{Miura}, H.},
    title = "{An Upwind-Biased Conservative Advection Scheme for Spherical Hexagonal Pentagonal Grids}",
  journal = {Mon. Wea. Rev.},
     year = 2007,
   volume = 135,
    pages = {4038},
}

@article{Williamson2007,
  title={The Evolution of Dynamical Cores for Global Atmospheric Models},
  author={David L. Williamson},
  journal={J. Meteorol. Soc. Jpn.},
  volume={85B},
  pages={241-269},
  year={2007}
}

@article{Putman2007,
 author = {Putman, William M. and Lin, Shian-Jiann},
 title = {Finite-volume transport on various cubed-sphere grids},
 journal = {J. Comput. Phys.},
 volume = {227},
 issue = {1},
 month = {November},
 year = {2007},
 pages = {55-78},
 numpages = {24},
 publisher = {Academic Press Professional, Inc.},
 address = {San Diego, CA, USA}
}



@article{Carfora2007,
 author = {Carfora, Maria Francesca},
 title = {{Interpolation on spherical geodesic grids: A comparative study}},
 journal = {J. Comput. Appl. Math.},
 volume = {210},
 issue = {1-2},
 month = {December},
 year = {2007},
 pages = {99-105},
 numpages = {7},
 publisher = {Elsevier Science Publishers B. V.},
 address = {Amsterdam, The Netherlands, The Netherlands},
}

@article {Carfora2007b,
author = {Carfora, Maria Francesca},
title = {Semi-Lagrangian advection on a spherical geodesic grid},
journal = {International Journal for Numerical Methods in Fluids},
volume = {55},
number = {2},
pages = {127-142},
year = {2007}
}

@inproceedings{Langer2006,
 author = {Langer, Torsten and Belyaev, Alexander and Seidel, Hans-Peter},
 title = {Spherical barycentric coordinates},
 booktitle = {Proceedings of the fourth Eurographics symposium on Geometry processing},
 series = {SGP '06},
 year = {2006},
 location = {Cagliari, Sardinia, Italy},
 pages = {81--88},
 numpages = {8}
} 


@incollection {Perot2006,
    AUTHOR = {Perot, J. Blair and Vidovic, Dragan and Wesseling, Pieter},
     TITLE = {Mimetic reconstruction of vectors},
 BOOKTITLE = {Compatible spatial discretizations},
    SERIES = {IMA Vol. Math. Appl.},
    VOLUME = {142},
     PAGES = {173--188},
 PUBLISHER = {Springer},
   ADDRESS = {New York},
      YEAR = {2006},
}

@ARTICLE{Villiers2006,
  AUTHOR =       {Villiers, Michael de },
  TITLE =        {More on Hexagons with Opposite Sides Parallel},
  JOURNAL =      {Math Gazette},
  YEAR =         {2006},
  pages =        {517-518},
  month =        {Nov},
}


@INPROCEEDINGS{Derose2006,
    author = {Tony Derose and Mark Meyer},
    title = {Harmonic coordinates},
    booktitle = {Pixar Technical Memo 06-02, Pixar Animation Studios},
    year = {2006}
}

@article{Floater2006,
  title={A general construction of barycentric coordinates over convex polygons},
  author={Floater, Michael S and Hormann, Kai and K{\'o}s, G{\'e}za},
  journal={Adv. Comput. Math.},
  volume={24},
  number={1-4},
  pages={311--331},
  year={2006},
  publisher={Springer}
}

@InProceedings{Bobach2006,
author    = {Tom Bobach and Martin Bertram and Georg Umlauf},
title     = {Comparison of {V}oronoi based scatterd data interpolation schemes},
booktitle = {Proceedings of the Internationl Conference on Visualization, Imaging and Image Processing},
year      = 2006,
editor    = {J.J.~Villanueva},
pages     = {342-349}
}

@article{Rosatti2005,
title = "{Semi-implicit, semi-Lagrangian modelling for environmental problems on staggered Cartesian grids with cut cells} ",
journal = {J. Comput. Phys.},
volume = "204",
number = "1",
pages = "353 - 377",
year = "2005",
note = "",
author = "G. Rosatti and D. Cesari and L. Bonaventura"
}

@Book{Solin2005,
 title = {Partial Differential Equations and the Finite Element Method},
 publisher = {Hoboken, NJ : Wiley},
 year = {2005},
 author = {Pavel Solin},
 series = {Pure and Applied Mathematics},
}


@article{Miura2005,
    author = {Miura, Hiroaki and Kimoto, Masahide},
    booktitle = {Monthly Weather Review},
    journal = {Mon. Wea. Rev.},
    month = oct,
    number = {10},
    pages = {2817--2833},
    publisher = {American Meteorological Society},
    title = {{A comparison of grid quality of optimized spherical hexagonal-pentagonal geodesic grids}},
    volume = {133},
    year = {2005},
}

@article{Nair2005,
    author = {Nair, Ramachandran D. and Thomas, Stephen J. and Loft, Richard D.},
    journal = {Mon. Wea. Rev.},
    month = apr,
    number = {4},
    pages = {876--888},
    title = {{A Discontinuous Galerkin Global Shallow Water Model}},
    volume = {133},
    year = {2005}
}

@BOOK{Zienkiewicz2005,
  AUTHOR =       {Zienkiewicz, O. C. and Taylor, R. L. },
  TITLE =        {Finite Element Method for Solid and Structural Mechanics (6th Edition)},
  PUBLISHER =    {Elsevier},
  YEAR =         {2005},
}

@article{Lipscomb2005,
author = {Lipscomb, William H. and Ringler, Todd D.},
title = {An Incremental Remapping Transport Scheme on a Spherical Geodesic Grid},
journal = {Mon. Wea. Rev.},
volume = {133},
number = {8},
pages = {2335-2350},
year = {2005},
}

@article{Bonaventura2005,
author = {Bonaventura, Luca and Ringler, Todd D.},
title = {Analysis of Discrete Shallow-Water Models on Geodesic Delaunay Grids with {C}-Type Staggering},
journal = {Mon. Wea. Rev.},
volume = {133},
number = {8},
pages = {2351-2373},
year = {2005},
}

@article{Ju2005,
 author = {Ju, Tao and Schaefer, Scott and Warren, Joe},
 title = { Coordinates for closed triangular meshes},
 journal = {ACM Trans. Graph.},
 volume = {24},
 issue = {3},
 month = {July},
 year = {2005},
 pages = {561-566},
 publisher = {ACM},
 address = {New York, NY, USA},
}

@article {Galewsky2004,
author = {Galewsky, Joseph and Scott, Richard K. and Polvani, Lorenzo M.},
title = {An initial-value problem for testing numerical models of the global shallow-water equations},
journal = {Tellus A},
volume = {56},
number = {5},
publisher = {Munksgaard International Publishers},
pages = {429--440},
year = {2004},
}

@INPROCEEDINGS{Hiyoshi2004,
  author = {Hiyoshi, Hisamoto and Sugihara, Kokichi},
  booktitle = {ICCSA (3)},
  editor = {Laganà, Antonio and Gavrilova, Marina L. and Kumar, Vipin and Mun, Youngsong and Tan, Chih Jeng Kenneth and Gervasi, Osvaldo},
  pages = {71-80},
  publisher = {Springer},
  series = {Lecture Notes in Computer Science},
  title = {Improving the Global Continuity of the Natural Neighbor Interpolation.},
  volume = 3045,
  year = 2004
}

@article{Barros2004,
  title={A global semi-implicit semi-Lagrangian shallow-water model on locally refined grids},
  author={Barros, Saulo RM and Garcia, Claudia I},
  journal = {Mon. Wea. Rev.},
  volume={132},
  number={1},
  pages={53--65},
  year={2004}
}

@BOOK{Holton2004,
  AUTHOR =       {Holton, James R.},
  TITLE =        {An introduction to dynamic meteorology},
  PUBLISHER =    {Academic Press},
  YEAR =         {2004},
  edition =      {4},
}

@article{Tomita2004,
title = "A new dynamical framework of nonhydrostatic global model using the icosahedral grid",
journal = "Fluid Dynamics Research",
volume = "34",
number = "6",
pages = "357 - 400",
year = "2004",
author = "Hirofumi Tomita and Masaki Satoh",
}

  @TECHREPORT{Bonaventura2004,
    AUTHOR =       {Bonaventura, L. and Kornblueh, L. and Giorgetta, M. and  Roeckner, E. and  Heinze, T. and  Majewski, D. and Ripodas, P.     and Ritter, B. and Ringler, T. D. and  Baudisch, J.},
   TITLE =        {{The ICON Shallow Water Model: Scientific documentation and benchmark tests}},
   INSTITUTION =  {{MPI-M/DWD}},
   YEAR =         {2004},
   note =         {\url{http://icon.enes.org/}},
  }


@article {Neamtu2004,
   author = {Neamtu, Marian and Schumaker, Larry L.},
   title = {On the Approximation Order of Splines on Spherical Triangulations},
   journal = {Adv. Comput. Math.},
   publisher = {Springer U.S.},
   keyword = {Computer Science},
   pages = {3-20},
   volume = {21},
   issue = {1},
   year = {2004}
}

@article{Floater2003,
title = "Mean value coordinates",
journal = "Comput. Aided Geom. D.",
volume = "20",
number = "1",
pages = "19 - 27",
year = "2003",
note = "",
author = "Michael Floater",
}

@article{Du2003,
 author = {Du, Qiang and Gunzburger, Max D. and Ju, Lili},
 title = {Constrained Centroidal {V}oronoi  Tessellations for Surfaces},
 journal = {SIAM J. Sci. Comput.},
 volume = {24},
 issue = {5},
 month = {May},
 year = {2003},
 pages = {1488--1506},
 numpages = {19},
 publisher = {Society for Industrial and Applied Mathematics},
 address = {Philadelphia, PA, USA},
 }

@PHDTHESIS{Wright2003,
  AUTHOR =       {Grady Wright},
  TITLE =        {Radial Basis Function Interpolation: Numerical and Analytical Developments},
  SCHOOL =       {University of Colorado at Boulder},
  YEAR =         {2003},
  note =         {\url{works.bepress.com/grady_wright/8} },
}


@article {Sahr2003,
	author = {Sahr, Kevin and White, Denis and Kimerling, A. Jon},
	title = {Geodesic Discrete Global Grid Systems},
	journal = {Cartography and Geographic Information Science},
	volume = {30},
	year = {2003},
	pages = {121-134(14)},
}

@book{Buhmann2003,
 author = {Buhmann, Martin D.},
 title = {Radial Basis Functions},
 year = {2003},
 publisher = {Cambridge University Press},
 address = {New York, NY, USA},
}

@article{Frank2003,
title = "Early warning capabilities of the global model {GME} of {DWD}: a case study",
author = "Helmut P. Frank and Detlev Majewski",
journal = "Atmospheric Research",
volume = "67-68",
number = "",
pages = "215 - 229",
year = "2003",
note = "European Conference on Severe Storms 2002",
}


@article{Nickovic2002,
 author = {Slobodan Nickovic and Milivoj B. Gavrilov and Ivana A. Tosic},
 title = {Geostrophic Adjustment on Hexagonal Grids},
 journal = {Mon. Wea. Rev.},
 year = {2002},
 issue = {3},
 volume = {130},
 pages = { 668 -- 683},
}


@article{Meyer2002,
 author = {Meyer, Mark and Barr, Alan and Lee, Haeyoung and Desbrun, Mathieu},
 title = {Generalized barycentric coordinates on irregular polygons},
 journal = {J. Graph. Tools},
 volume = {7},
 issue = {1},
 month = {November},
 year = {2002},
 pages = {13--22},
 numpages = {10},
 address = {Natick, MA, USA},
}


@article{Tomita2002,
author = "Hirofumi Tomita and Masaki Satoh and Koji Goto",
title = "An Optimization of the Icosahedral Grid Modified by Spring Dynamics",
journal = "J. Comput. Phys.",
volume = "183",
number = "1",
pages = "307 - 331",
year = "2002",
}


@article{Majewski2002,
author = {Majewski, Detlev and Liermann, Dorte and Prohl, Peter and Ritter, Bodo and Buchhold, Michael and Hanisch, Thomas and Paul, Gerhard and Wergen, Werner and Baumgardner, John},
title = {The Operational Global Icosahedral-Hexagonal Gridpoint Model {GME:} Description and High-Resolution Tests},
journal = {Mon. Wea. Rev.},
volume = {130},
number = {2},
pages = {319-338},
year = {2002},
}

@article {Wennecker2002,
author = {Wenneker, I. and Segal, A. and Wesseling, P.},
title = {A {M}ach-uniform unstructured staggered grid method},
journal = {International Journal for Numerical Methods in Fluids},
volume = {40},
number = {9},
publisher = {John Wiley & Sons, Ltd.},
pages = {1209-1235},
year = {2002},
}

@ARTICLE{Ringler2002,
   author = {{Ringler}, T. D. and {Randall}, D. A.},
    title = "{The ZM Grid: An Alternative to the Z Grid}",
  journal = {Mon. Wea. Rev.},
     year = 2002,
   volume = 130,
    pages = {1411-+},
}

@article{Randall2002,
 author = {Randall, David A. and Ringler, Todd D. and Heikes, Ross P. and Jones, Phil and Baumgardner, John},
 title = {Climate Modeling with Spherical Geodesic Grids},
 journal = {Comput. Sci. Eng.},
 volume = {4},
 number = {5},
 month = sep,
 year = {2002},
 pages = {32--41},
 publisher = {IEEE Educational Activities Department},
 address = {Piscataway, NJ, USA},
}

@article{Nickovic2002,
  author = {Slobodan Ni\v{c}kovi\'{c}, Milivoj B. Gavrilov and Ivana A. To\v{s}i\'{c} },
  title = {Geostrophic Adjustment on Hexagonal Grids},
  journal = {Monthly Weather Review},
  volume = {130},
  pages = {668-683},
  year = {2002},
}

@article{Hortal2002,
  title={The development and testing of a new two-time-level semi-Lagrangian scheme (SETTLS) in the ECMWF forecast model},
  author={Hortal, Mariano},
  journal={Quarterly Journal of the Royal Meteorological Society},
  volume={128},
  number={583},
  pages={1671--1687},
  year={2002},
  publisher={Wiley Online Library}
}

@inproceedings{Boissonnat2002,
 author = {Boissonnat, Jean-Daniel and Flototto, Julia},
 title = {A local coordinate system on a surface},
 booktitle = {Proceedings of the seventh ACM symposium on Solid modeling and applications},
 series = {SMA 2002},
 year = {2002},
 location = {Germany},
 pages = {116--126},
 numpages = {11},
 publisher = {ACM},
 address = {New York, NY, USA},
}

@article{Tomita2001,
author = "Hirofumi Tomita and Motohiko Tsugawa and Masaki Satoh and Koji Goto",
title = "Shallow Water Model on a Modified Icosahedral Geodesic Grid by Using Spring Dynamics",
journal = "J. Comput. Phys.",
volume = "174",
number = "2",
pages = "579-613",
year = "2001",
}

@PHDTHESIS{Garcia2001,
  AUTHOR =       {Claudia Inés Garcia},
  TITLE =        {Métodos de refinamento local em modelos globais de previsão numérica do tempo},
  SCHOOL =       {Instituto de Matemática e Estatística da Universidade de São Paulo},
  YEAR =         {2001},
}

@incollection {Baxter2001,
    AUTHOR = {Baxter, Brad J. C. and Hubbert, Simon},
     TITLE = {Radial basis functions for the sphere},
 BOOKTITLE = {Recent progress in multivariate approximation
              ({W}itten-{B}ommerholz, 2000)},
    SERIES = {Internat. Ser. Numer. Math.},
    VOLUME = {137},
     PAGES = {33-47},
 PUBLISHER = {Birkh\"auser},
   ADDRESS = {Basel},
      YEAR = {2001},
 MRREVIEWER = {Gregory E. Fasshauer},
}

@article {Perot2000,
    AUTHOR = {Perot, Blair},
     TITLE = {Conservation properties of unstructured staggered mesh schemes},
   JOURNAL = {J. Comput. Phys.},
  FJOURNAL = {J. Comput. Phys.},
    VOLUME = {159},
      YEAR = {2000},
    NUMBER = {1},
     PAGES = {58--89},
}

@article{Bacon2000,
    author = {Bacon, David P. and Ahmad, Nash'at N. and Boybeyi, Zafer and Dunn, Thomas J. and Hall, Mary S. and Lee, Pius C. S. and Sarma, R. Ananthakrishna and Turner, Mark D. and Waight, Kenneth T. and Young, Steve H. and Zack, John W.},
    booktitle = {Monthly Weather Review},
    journal = {Mon. Wea. Rev.},
    month = jul,
    number = {7},
    pages = {2044--2076},
    publisher = {American Meteorological Society},
    title = {{A dynamically adapting weather and dispersion model: the operational multiscale environment model with grid adaptivity (OMEGA)}},
    volume = {128},
    year = {2000}
}

@ARTICLE{Ringler2000,
   author = {{Ringler}, T. D. and {Heikes}, R. P. and {Randall}, D. A.},
    title = "{Modeling the Atmospheric General Circulation Using a Spherical Geodesic Grid: A New Class of Dynamical Cores}",
  journal = {Mon. Wea. Rev.},
     year = {2000},
   volume = {128},
    pages = {2471},
}

@article{Thuburn2000,
  title={Numerical simulations of Rossby--Haurwitz waves},
  author={Thuburn, John and Li, Yong},
  journal={Tellus A},
  volume={52},
  number={2},
  pages={181-189},
  year={2000},
}

@article{Stuhne1999,
title = {New Icosahedral Grid-Point Discretizations of the Shallow Water Equations on the Sphere},
journal = {J. Comput. Phys.},
volume = {148},
number = {1},
pages = {23-58},
year = {1999},
author = {G.R Stuhne and W.R Peltier}
}

@article{Giraldo1999,
author = {Giraldo, Francis X.},
title = {Trajectory Calculations for Spherical Geodesic Grids in Cartesian Space},
journal = {Mon. Wea. Rev.},
volume = {127},
number = {7},
pages = {1651-1662},
year = {1999},
}

@book {Thompson1999,
     TITLE = {Handbook of grid generation},
    EDITOR = {Thompson, Joe F. and Soni, Bharat K. and Weatherill, Nigel P.},
 PUBLISHER = {CRC Press},
   ADDRESS = {Boca Raton, FL},
      YEAR = {1999},
     PAGES = {xxx+1100},
}

@inproceedings{Fasshauer1998,
 author = {Fasshauer, Gregory E. and Schumaker, Larry L.},
 title = {Scattered data fitting on the sphere},
 booktitle = {Proceedings of the international conference on Mathematical methods for curves and surfaces II Lillehammer, 1997},
 year = {1998},
 location = {Lillehammer, Norway},
 pages = {117-166},
 numpages = {50},
 publisher = {Vanderbilt University},
 address = {Nashville, TN, USA},
}

@article{Randall1998,
author = {Randall, David A. and Curry, Judith and Battisti, David and Flato, Gregory and Grumbine, Robert and Hakkinen, Sirpa and Martinson, Doug and Preller, Ruth and Walsh, John and Weatherly, John},
title = {Status of and Outlook for Large-Scale Modeling of Atmosphere-Ice-Ocean Interactions in the Arctic},
journal = {B. Am. Meteorol. Soc.},
volume = {79},
number = {2},
pages = {197-219},
year = {1998},
}

@article{Temperton1997,
  title={Treatment of the Coriolis terms in semi-Lagrangian spectral models},
  author={Temperton, Clive},
  journal={Atmosphere-Ocean},
  volume={35},
  number={sup1},
  pages={293--302},
  year={1997},
  publisher={Taylor \& Francis}
}

@article{Renka1997a,
 author = {Renka, Robert J.},
 title = {{Algorithm 773: SSRFPACK: interpolation of scattered data on the surface of a sphere with a surface under tension}},
 journal = {{ACM Trans. Math. Softw.}},
 volume = {23},
 issue = {3},
 month = {September},
 year = {1997},
 pages = {435-442},
 publisher = {ACM},
 address = {New York, NY, USA},
}

@article{Renka1997b,
 author = {Renka, Robert J.},
 title = {{Algorithm 772: STRIPACK: Delaunay triangulation and Voronoi diagram on the surface of a sphere}},
 journal = {{ACM Trans. Math. Softw.}},
 volume = {23},
 issue = {3},
 month = {September},
 year = {1997},
 pages = {416-434},
 publisher = {ACM},
 address = {New York, NY, USA},
}

@article {Cockburn1997,
    AUTHOR = {Cockburn, Bernardo and Gremaud, Pierre-Alain},
     TITLE = {A priori error estimates for numerical methods for scalar conservation laws. {I}. {T}he general approach},
   JOURNAL = {Math. Comp.},
  FJOURNAL = {Mathematics of Computation},
    VOLUME = {65},
      YEAR = {1996},
    NUMBER = {214},
     PAGES = {533--573},
}

@article{cockburn1997b,
  title={A priori error estimates for numerical methods for scalar conservation laws. Part {II}: {F}lux-splitting monotone schemes on irregular Cartesian grids},
  author={Cockburn, Bernardo and Gremaud, Pierre-Alain},
  journal={Mathematics of Computation of the American Mathematical Society},
  volume={66},
  number={218},
  pages={547--572},
  year={1997}
}

@article{Thuburn1997,
    author = {Thuburn, John},
    journal = {Mon. Wea. Rev.},
    month = {September},
    number = {9},
    pages = {2328-2347},
    title = {{A PV-Based Shallow-Water Model on a Hexagonal-Icosahedral Grid}},
    volume = {125},
    year = {1997}
}

@article{Renka1997,
 author = {Renka, Robert J.},
 title = {Algorithm 772: {STRIPACK}: {D}elaunay triangulation and {V}oronoi diagram on the surface of a sphere},
 journal = {ACM Trans. Math. Softw.},
 volume = {23},
 issue = {3},
 month = {September},
 year = {1997},
 pages = {416-434},
 numpages = {19},
 publisher = {ACM},
 address = {New York, NY, USA},
}

@article{Giraldo1997,
title = {{Lagrange-Galerkin Methods on Spherical Geodesic Grids}},
journal = {J. Comput. Phys.},
volume = {136},
number = {1},
pages = {197 - 213},
year = {1997},
author = {Francis X. Giraldo},
}

@article{Rancic1996,
author = {Rancic, M. and Purser, R. J. and Mesinger, F.},
title = { A global shallow-water model using an expanded spherical cube: Gnomonic versus conformal coordinates},
journal = {Quart. J. R. Met. Soc.},
volume = {122},
pages = {959-982},
year = {1996}
}

@article{Ronchi1996,
title = {The Cubed Sphere: a New Method for the Solution of Partial Differential Equations in Spherical Geometry},
author = {C. Ronchi and R. Iacono and P. S. Paolucci},
journal = {J. Comput. Phys.},
volume = {124},
number = {1},
pages = {93-114},
year = {1996}
}


@article{Alfeld1996,
 author = {Alfeld, Peter and Neamtu, Marian and Schumaker, Larry L.},
 title = {Fitting scattered data on sphere-like surfaces using spherical splines},
 journal = {J. Comput. Appl. Math.},
 volume = {73},
 issue = {1-2},
 month = {October},
 year = {1996},
 issn = {0377-0427},
 pages = {5--43},
 numpages = {39},
 publisher = {Elsevier Science Publishers B. V.},
 address = {Amsterdam, The Netherlands, The Netherlands},
}

@article{Alfeld1996b,
author = {Alfeld, Peter and Neamtu, Marian and Schumaker, Larry L.},
title ={Bernstein-Bezier polynomials on spheres and sphere-like surfaces},
journal = {Comput. Aided Geom. D.},
volume = {13},
number = {4},
pages = {333-349},
year = {1996},
}

@article{Shaback1995,
year={1995},
journal={Adv. Comput. Math.},
volume={3},
number={3},
title={Error estimates and condition numbers for radial basis function interpolation},
publisher={Springer US},
author={Schaback, Robert},
pages={251-264},
}

@article{Heikes1995a,
author = {Heikes, Ross and Randall, David A.},
title = {{Numerical integration of the shallow-water equations on a twisted icosahedral grid. Part I: basic design and results of tests}},
journal = {Mon. Wea. Rev.},
volume = {123},
number = {6},
pages = {1862-1880},
year = {1995},
}

@article{Heikes1995b,
author = {Heikes, Ross and Randall, David A.},
title = {{Numerical Integration of the Shallow-Water Equations on a Twisted Icosahedral Grid. Part II. A Detailed Description of the Grid and an Analysis of Numerical Accuracy}},
journal = {Mon. Wea. Rev.},
volume = {123},
number = {6},
pages = {1881-1887},
year = {1995},
}

@ARTICLE{Randall1994,
   author = {Randall, David A.},
    title = "{Geostrophic Adjustment and the Finite-Difference Shallow-Water Equations}",
  journal = {Mon. Wea. Rev.},
     year = 1994,
   volume = 122,
    pages = {1371-+},
}

@article{Williamson1992,
 author = {Williamson, David L. and Drake, John B. and Hack, James J. and Jakob, R\"{u}diger and Swarztrauber, Paul N.},
 title = {A standard test set for numerical approximations to the shallow water equations in spherical geometry},
 journal = {J. Comput. Phys.},
 issue_date = {September, 1992},
 volume = {102},
 number = {1},
 month = sep,
 year = {1992},
 pages = {211--224},
 numpages = {14},
} 

@article{Staniforth1991, 
author = {Staniforth, Andrew and Côté, Jean}, 
title = {{Semi-Lagrangian Integration Schemes for Atmospheric Models - A Review}}, 
journal = {Mon. Wea. Rev.},
volume = {119}, 
number = {9}, 
pages = {2206-2223},
year = {1991}, 
}

@article{Farin1990,
title = "Surfaces over Dirichlet tessellations",
journal = "Comput. Aided Geom. D.",
volume = "7",
number = "1-4",
pages = "281-292",
year = "1990",
author = "Gerald Farin",
}

@article{Barros1990,
author = {Bates, J. R. and Semazzi, F. H. M. and Higgins, R. W. and Barros, Saulo R. M.},
title = {Integration of the Shallow Water Equations on the Sphere Using a Vector Semi-Lagrangian Scheme with a Multigrid Solver},
journal = {Mon. Wea. Rev.},
volume = {118},
number = {8},
pages = {1615-1627},
year = {1990}
}

@article{Pottmann1990,
 author = {Pottmann, H. and Eck, M.},
 title = {Modified multiquadric methods for scattered data interpolation over a sphere},
 journal = {Comput. Aided Geom. Des.},
 volume = {7},
 issue = {1-4},
 month = {June},
 year = {1990},
 pages = {313-321},
 numpages = {9},
 publisher = {Elsevier Science Publishers B. V.},
 address = {Amsterdam, The Netherlands, The Netherlands},
}

@article{Renka1988,
 author = {Renka, Robert J.},
 title = {Multivariate interpolation of large sets of scattered data},
 journal = {ACM Trans. Math. Softw.},
 volume = {14},
 number = {2},
 month = jun,
 year = {1988},
 pages = {139-148},
 numpages = {10},
 publisher = {ACM},
 address = {New York, NY, USA},
}

@article{Renka1988b,
 author = {Renka, Robert J.},
 title = {Algorithm 660: QSHEP2D: Quadratic Shepard Method for Bivariate Interpolation of Scattered Data},
 journal = {ACM Trans. Math. Softw.},
 issue_date = {June 1988},
 volume = {14},
 number = {2},
 month = jun,
 year = {1988},
 pages = {149--150},
 numpages = {2},
 publisher = {ACM},
 address = {New York, NY, USA},
}

@article{Renka1988c,
 author = {Renka, Robert J.},
 title = {Algorithm 661: QSHEP3D: quadratic Shepard method for trivariate interpolation of scattered data},
 journal = {ACM Trans. Math. Softw.},
 issue_date = {June 1988},
 volume = {14},
 number = {2},
 month = jun,
 year = {1988},
 pages = {151--152},
 numpages = {2},
 publisher = {ACM},
 address = {New York, NY, USA},
}

@article{Ritchie1988,
author = {Ritchie, Harold},
title = {Application of the Semi-Lagrangian Method to a Spectral Model of the Shallow Water Equations},
journal = {Mon. Wea. Rev.},
volume = {116},
number = {8},
pages = {1587-1598},
year = {1988},
}

@article{Ritchie1987,
author = {Ritchie, Harold},
title = {Semi-Lagrangian Advection on a Gaussian Grid},
journal = {Mon. Wea. Rev.},
volume = {115},
number = {2},
pages = {608-619},
year = {1987},
}

@article{McDonald1987,
author = {McDonald, A.},
title = {{Accuracy of Multiply-Upstream Semi-Lagrangian Advective Schemes II}},
journal = {Mon. Wea. Rev.},
volume = {115},
number = {7},
pages = {1446-1450},
year = {1987},
}


@article{Masuda1986,
author = {Ohnishi, Haruo and Masuda, Yoshinobu},
title = {An integration scheme of the primitive equation model with an icosahedral-hexagonal grid system and its application to the shallow water equations},
journal = {Short- and medium-range numerical weather prediction, International Symposium, Tokyo, Japan},
volume = {},
number = {},
pages = {317-326},
year = {1986},
}

@article {Kreiss1986,
    AUTHOR = {Kreiss, H.-O. and Manteuffel, T. A. and Swartz, B. and
              Wendroff, B. and White, Jr., A. B.},
     TITLE = {Supra-convergent schemes on irregular grids},
   JOURNAL = {Math. Comp.},
  FJOURNAL = {Mathematics of Computation},
    VOLUME = {47},
      YEAR = {1986},
    NUMBER = {176},
     PAGES = {537--554},
}

@article{Nielson1987,
title = "Interpolation over a sphere based upon a minimum norm network",
journal = "Comput. Aided Geom. D.",
volume = "4",
number = "1-2",
pages = "41-57",
year = "1987",
note = "Topics in CAGD",
author = "Gregory M. Nielson and Ramamani Ramaraj",
}

@article {Baumgardner1985,
    AUTHOR = {Baumgardner, John R. and Frederickson, Paul O.},
     TITLE = {Icosahedral discretization of the two-sphere},
   JOURNAL = {SIAM J. Numer. Anal.},
  FJOURNAL = {SIAM Journal on Numerical Analysis},
    VOLUME = {22},
      YEAR = {1985},
    NUMBER = {6},
     PAGES = {1107-1115},
}

@article{Renka1984,
 author = {Renka, Robert J.},
 title = {Interpolation of data on the surface of a sphere},
 journal = {ACM Trans. Math. Softw.},
 volume = {10},
 issue = {4},
 month = {December},
 year = {1984},
 pages = {417-436},
 numpages = {20},
 publisher = {ACM},
 address = {New York, NY, USA},
}

@article {Lawson1984,
    author = {Lawson, Charles L.},
     title = {{$C^{1}$} surface interpolation for scattered data on a
              sphere},
      note = {Surfaces (Stanford, Calif., 1982)},
   journal = {Rocky Mountain J. Math.},
  fjournal = {The Rocky Mountain Journal of Mathematics},
    volume = {14},
      year = {1984},
    number = {1},
     pages = {177-202},
}

@article {Franke1982,
    AUTHOR = {Franke, Richard},
     TITLE = {Scattered data interpolation: tests of some methods},
   JOURNAL = {Math. Comp.},
  FJOURNAL = {Mathematics of Computation},
    VOLUME = {38},
      YEAR = {1982},
    NUMBER = {157},
     PAGES = {181--200},
}

@article{Robert1981,
  title={A stable numerical integration scheme for the primitive meteorological equations},
  author={Robert, Andr{\'e}},
  journal={Atmosphere-Ocean},
  volume={19},
  number={1},
  pages={35--46},
  year={1981},
  publisher={Taylor \& Francis}
}


@article {Nedelec1980,
   author = {Nedelec, J. C.},
   title = {Mixed finite elements in {R3}},
   journal = {Numerische Mathematik},
   publisher = {Springer Berlin / Heidelberg},
   pages = {315-341},
   volume = {35},
   issue = {3},
   year = {1980},
}

@article{Sibson1980,
author = {Sibson,Robin},
title = {A vector identity for the Dirichlet tessellation},
journal = {Mathematical Proceedings of the Cambridge Philosophical Society},
volume = {87},
issue = {01},
issn = {1469-8064},
pages = {151--155},
numpages = {5},
year = {1980},
}

@article {Franke1980,
author = {Franke, Richard and Nielson, Greg},
title = {Smooth interpolation of large sets of scattered data},
journal = {International Journal for Numerical Methods in Engineering},
volume = {15},
number = {11},
publisher = {John Wiley & Sons, Ltd},
pages = {1691--1704},
year = {1980},
}

@article{Machenhauer1979,
  title={The spectral method},
  author={Machenhauer, B},
  journal={Numerical methods used in atmospheric models},
  volume={2},
  number={17},
  pages={121--275},
  year={1979},
  publisher={GARP Publ. Series}
}

@article {Arakawa1977,
    author = {Arakawa, A. and  Lamb, V.R.},
     title = {Computational design of the basic dynamical processes of the UCLA general circulation model},
   journal = {Methods in Computational Physics},
    volume = {17},
      year = {1977},
     pages = {173-265},
}

@incollection {Raviart1977,
   author = {Raviart, P. and Thomas, J.},
   affiliation = {Centre de Mathématiques Appliquées, Ecole Polytechnique France France},
   title = {A mixed finite element method for 2-nd order elliptic problems},
   booktitle = {Mathematical Aspects of Finite Element Methods},
   series = {Lecture Notes in Mathematics},
   editor = {Galligani, Ilio and Magenes, Enrico},
   publisher = {Springer Berlin / Heidelberg},
   keyword = {Mathematics and Statistics},
   pages = {292-315},
   volume = {606},
   year = {1977}
}

@PROCEEDINGS{Messinger1976,
   editor = {{Mesinger}, F. and {Arakawa}, A.},
    title = "{Numerical methods used in atmospheric models, volume 1}",
    series = {Global Atmospheric Research Program World Meteorological Organization, Geneva (Switzerland).},
     year = 1976,
    month = aug,
}

@BOOK{Wachspress1975,
  AUTHOR =       {Eugene L Wachspress},
  TITLE =        {A rational finite element basis},
  PUBLISHER =    {Academic Press},
  YEAR =         {1975},
  series =       {Mathematics in Science and Engineering 114},
}


@BOOK{Lawson1974,
  AUTHOR =       {Charles L. Lawson and Richard J. Hanson},
  TITLE =        {Solving least squares problems},
  PUBLISHER =    {Prentice-Hall},
  YEAR =         {1974},
  series =       {Series in Automatic Computation},
}

@article{Sadourny1972,
author = {Sadourny, Robert},
title = {Conservative Finite-Difference Approximations of the Primitive Equations on Quasi-Uniform Spherical Grids},
journal = {Mon. Wea. Rev.},
volume = {100},
number = {2},
pages = {136-144},
year = {1972}
}


@article{Sadourny1968,
author = {Sadourny, Robert And Arakawa, Akio And Mintz, Yale},
Title = {Integration Of The Nondivergent Barotropic Vorticity Equation With An Icosahedral-Hexagonal Grid For The Sphere},
journal = {Mon. Wea. Rev.},
volume = {96},
number = {6},
pages = {351-356},
year = {1968}
}

@article{Williamson1968,
author = {Williamson, David L.},
title = {Integration of the barotropic vorticity equation on a spherical geodesic grid},
journal = {Tellus},
volume = {20},
issue ={4},
publisher = {Blackwell Publishing Ltd},
pages = { 642- 653},
year = {1968},
}

@inproceedings{Shepard1968,
 author = {Shepard, Donald},
 title = {A two-dimensional interpolation function for irregularly-spaced data},
 booktitle = {Proceedings of the 1968 23rd ACM national conference},
 series = {ACM '68},
 year = {1968},
 pages = {517--524},
 numpages = {8},
 publisher = {ACM},
 address = {New York, NY, USA},
}

@Book{Whitney1957,
 title = {Geometric Integration Theory},
 publisher = {Princeton University Press },
 year = {1957},
 author = {Hassler Whitney},
}

@book{Richardson1922,
title={Weather Prediction by Numerical Process},
author={Richardson, L. F. (1922)},
year={1922},
publisher={ Cambridge University Press},
edition={2nd Edn},
}

