@article{schreiber2016beyond,
  title={Beyond spatial scalability limitations with a massively parallel method for linear oscillatory problems},
  author={Schreiber, Martin and Peixoto, Pedro S and Haut, Terry and Wingate, Beth},
  journal={{The International Journal of High Performance Computing Applications}},
  year={2017},
  publisher={SAGE Publications}
}

@article{kassam2005fourth,
  title={Fourth-order time-stepping for stiff PDEs},
  author={Kassam, Aly-Khan and Trefethen, Lloyd N},
  journal={SIAM Journal on Scientific Computing},
  volume={26},
  number={4},
  pages={1214--1233},
  year={2005},
  publisher={SIAM}
}

@article{buvoli2015class,
  title={A Class of Exponential Integrators Based on Spectral Deferred Correction},
  author={Buvoli, Tommaso},
  journal={arXiv preprint arXiv:1504.05543},
  year={2015}
}


@article{collins2004description,
  title={Description of the NCAR community atmosphere model (CAM 3.0)},
  author={Collins, William D and Rasch, Philip J and Boville, Byron A and Hack, James J and McCaa, James R and Williamson, David L and Kiehl, Jeffrey T and Briegleb, Bruce and Bitz, Cecilia and Lin, SJ and others},
  journal={NCAR Tech. Note NCAR/TN-464+ STR},
  volume={226},
  year={2004}
}


@misc{yellowstone2012,
	title={{Computational and Information Systems Laboratory, Yellowstone: IBM iDataPlex System (NCAR Community Computing). Boulder, CO: National Center for Atmospheric Research}},
	year=2012,
	url={http://n2t.net/ark:/85065/d7wd3xhc}
}


@article{wang2016computation,
  title={On computation of Hough functions},
  author={Wang, Houjun and Boyd, John P and Akmaev, Rashid A},
  journal={Geoscientific Model Development},
  volume={9},
  number={4},
  pages={1477},
  year={2016},
  publisher={Copernicus GmbH}
}


@article{garcia2014exponential,
  title={Exponential versus IMEX high-order time integrators for thermal convection in rotating spherical shells},
  author={Garcia, Ferran and Bonaventura, Luca and Net, Marta and S{\'a}nchez, Juan},
  journal={Journal of Computational Physics},
  volume={264},
  pages={41--54},
  year={2014},
  publisher={Elsevier}
}

@article{madec1996global,
  title={A global ocean mesh to overcome the North Pole singularity},
  author={Madec, Gurvan and Imbard, Maurice},
  journal={Climate Dynamics},
  volume={12},
  number={6},
  pages={381--388},
  year={1996},
  publisher={Springer}
}


@article{lemarie2015stability,
  title={Stability constraints for oceanic numerical models: implications for the formulation of time and space discretizations},
  author={Lemari{\'e}, Florian and Debreu, Laurent and Madec, Gurvan and Demange, J{\'e}r{\'e}mie and Molines, Jean-Marc and Honnorat, Marc},
  journal={Ocean Modelling},
  volume={92},
  pages={124--148},
  year={2015},
  publisher={Elsevier}
}


@article{hochbruck2010exponential,
  title={Exponential integrators},
  author={Hochbruck, Marlis and Ostermann, Alexander},
  journal={Acta Numerica},
  volume={19},
  pages={209--286},
  year={2010},
  publisher={Cambridge Univ Press}
}

@book{durran2010numerical,
  title={Numerical methods for fluid dynamics: With applications to geophysics},
  author={Durran, Dale R},
  volume={32},
  year={2010},
  publisher={Springer Science \& Business Media}
}

@misc{madec2008nemo,
  title={NEMO= the OPA9 ocean engine. Note du Pole de Mod{\'e}lisation. Institut Pierre-Simon Laplace., 1: 100 pp},
  author={Madec, G},
  year={2008}
}


@article{wood2014inherently,
  title={An inherently mass-conserving semi-implicit semi-Lagrangian discretization of the deep-atmosphere global non-hydrostatic equations},
  author={Wood, Nigel and Staniforth, Andrew and White, Andy and Allen, Thomas and Diamantakis, Michail and Gross, Markus and Melvin, Thomas and Smith, Chris and Vosper, Simon and Zerroukat, Mohamed and others},
  journal={Quarterly Journal of the Royal Meteorological Society},
  volume={140},
  number={682},
  pages={1505--1520},
  year={2014},
  publisher={Wiley Online Library}
}


@article{hoskins1975multi,
  title={A multi-layer spectral model and the semi-implicit method},
  author={Hoskins, BJ and Simmons, AJ},
  journal={Quarterly Journal of the Royal Meteorological Society},
  volume={101},
  number={429},
  pages={637--655},
  year={1975},
  publisher={Wiley Online Library}
}


@book{laug,
      AUTHOR = {Anderson, E. and Bai, Z. and Bischof, C. and
                Blackford, S. and Demmel, J. and Dongarra, J. and
                Du Croz, J. and Greenbaum, A. and Hammarling, S. and
                McKenney, A. and Sorensen, D.},
      TITLE = {{LAPACK} Users' Guide},
      EDITION = {Third},
      PUBLISHER = {Society for Industrial and Applied Mathematics},
      YEAR = {1999},
      ADDRESS = {Philadelphia, PA},
      ISBN = {0-89871-447-8 (paperback)}
}
      
@book{swarztrauber1982fast,
  title={Fast poisson solvers},
  author={Swarztrauber, Paul N},
  year={1982},
  publisher={NCAR}
}

@article{park2013double,
  title={A double Fourier series (DFS) dynamical core in a global atmospheric model with full physics},
  author={Park, Hoon and Hong, Song-You and Cheong, Hyeong-Bin and Koo, Myung-Seo},
  journal={Monthly Weather Review},
  volume={141},
  number={9},
  pages={3052--3061},
  year={2013}
}


@article{thuburn2012framework,
  title={A framework for mimetic discretization of the rotating shallow-water equations on arbitrary polygonal grids},
  author={Thuburn, John and Cotter, Colin J},
  journal={SIAM Journal on Scientific Computing},
  volume={34},
  number={3},
  pages={B203--B225},
  year={2012},
  publisher={SIAM}
}


@article{staniforth2012horizontal,
  title={Horizontal grids for global weather and climate prediction models: a review},
  author={Staniforth, Andrew and Thuburn, John},
  journal={Quarterly Journal of the Royal Meteorological Society},
  volume={138},
  number={662},
  pages={1--26},
  year={2012},
  publisher={Wiley Online Library}
}

@misc{golub1996matrix,
  title={matrix computations, 3rd},
  author={Golub, Gene H and Van Loan, Charles F},
  year={1996},
  publisher={Johns Hopkins Univ Press}
}




@article{temperton1991scalar,
  title={On scalar and vector transform methods for global spectral models},
  author={Temperton, Clive},
  journal={Monthly weather review},
  volume={119},
  number={5},
  pages={1303--1307},
  year={1991}
}

@article{kasahara1977numerical,
  title={Numerical integration of the global barotropic primitive equations with Hough harmonic expansions},
  author={Kasahara, Akira},
  journal={Journal of the Atmospheric Sciences},
  volume={34},
  number={5},
  pages={687--701},
  year={1977}
}

@article{clancy2011laplace,
  title={Laplace transform integration of the shallow-water equations. Part I: Eulerian formulation and Kelvin waves},
  author={Clancy, Colm and Lynch, Peter},
  journal={Quarterly Journal of the Royal Meteorological Society},
  volume={137},
  number={656},
  pages={792--799},
  year={2011},
  publisher={Wiley Online Library}
}

@book{white2000ifs,
  title={IFS Documentation: Part III: Dynamics and Numerical Procedures (CY21R4)},
  author={White, Peter W},
  year={2000},
  publisher={European Centre for Medium-Range Weather Forecasts}
}


@article{peixoto2016accuracy,
  title={Accuracy analysis of mimetic finite volume operators on geodesic grids and a consistent alternative},
  author={Peixoto, Pedro S},
  journal={Journal of Computational Physics},
  volume={310},
  pages={127--160},
  year={2016},
  publisher={Elsevier}
}
@article{thuburn2009numerical,
  title={Numerical representation of geostrophic modes on arbitrarily structured C-grids},
  author={Thuburn, John and Ringler, Todd D and Skamarock, William C and Klemp, Joseph B},
  journal={Journal of Computational Physics},
  volume={228},
  number={22},
  pages={8321--8335},
  year={2009},
  publisher={Elsevier}
}

@article{weller2012computational,
  title={Computational modes and grid imprinting on five quasi-uniform spherical C grids},
  author={Weller, Hilary and Thuburn, John and Cotter, Colin J},
  journal={Monthly Weather Review},
  volume={140},
  number={8},
  pages={2734--2755},
  year={2012}
}

@article{walt2011numpy,
  title={The NumPy array: a structure for efficient numerical computation},
  author={Walt, St{\'e}fan van der and Colbert, S Chris and Varoquaux, Gael},
  journal={Computing in Science \& Engineering},
  volume={13},
  number={2},
  pages={22--30},
  year={2011},
  publisher={IEEE}
}


@Misc{scipy,
  author =    {Eric Jones and Travis Oliphant and Pearu Peterson and others},
  title =     {{SciPy}: Open source scientific tools for {Python}},
  year =      {2001--},
  url = "http://www.scipy.org/"
  }



@article{williamson1992standard,
  title={A standard test set for numerical approximations to the shallow water equations in spherical geometry},
  author={Williamson, David L and Drake, John B and Hack, James J and Jakob, R{\"u}diger and Swarztrauber, Paul N},
  journal={Journal of Computational Physics},
  volume={102},
  number={1},
  pages={211--224},
  year={1992},
  publisher={Elsevier}
}


@article{robert1966integration,
  title={The integration of a low order spectral form of the primitive meteorological equations},
  author={Robert, Andre J},
  journal={Journal of the Meteorological Society of Japan. Ser. II},
  volume={44},
  number={5},
  pages={237--245},
  year={1966},
  publisher={Meteorological Society of Japan}
}


@inproceedings{robert1969integration,
  title={The integration of a spectral model of the atmosphere by the implicit method},
  author={Robert, A},
  booktitle={Proc. WMO/IUGG Symposium on NWP, Tokyo, Japan Meteorological Agency},
  volume={7},
  pages={19--24},
  year={1969}
}

@book{hack1992description,
  title={Description of a global shallow water model based on the spectral transform method},
  author={Hack, James J and Jakob, Ruediger},
  year={1992},
  publisher={National Center for Atmospheric Research}
}


@techreport{scott2004bob,
  title={BOB, model description and userâ€™s guide},
  author={Scott, RK and Rivier, LG and Loft, RD and Polvani, LM},
  year={2004},
  institution={NCAR Technical Note NCAR/TN-404+ IA}
}


@article{schaeffer2013efficient,
  title={Efficient spherical harmonic transforms aimed at pseudospectral numerical simulations},
  author={Schaeffer, Nathana{\"e}l},
  journal={Geochemistry, Geophysics, Geosystems},
  volume={14},
  number={3},
  pages={751--758},
  year={2013},
  publisher={Wiley Online Library}
}


@misc{gradshteyn1965tables,
  title={Tables of Integrals, Series and Products English Transl},
  author={Gradshteyn, IS and Ryzhik, IM},
  year={1965},
  publisher={Academic Press, Inc. New York}
}


@article{Lions2001,
title = "RÃ©solution d'EDP par un schÃ©ma en temps pararÃ©el",
journal = "Comptes Rendus de l'AcadÃ©mie des Sciences - Series I - Mathematics",
volume = "332",
number = "7",
pages = "661 - 668",
year = "2001",
note = "",
issn = "0764-4442",
author = "Jacques-Louis Lions and Yvon Maday and Gabriel Turinici"
}

@misc{swarztrauber1996fourier,
  title={{The Fourier and cyclic reduction methods for solving Poissonâ€™s equation}},
  author={Swarztrauber, Paul N and Sweet, Roland A},
  journal={{Handbook of Fluid Dynamics and Fluid Machinery}},
  year={1996},
  publisher={Citeseer}
}

@article{martinsson2013direct,
  title={A direct solver for variable coefficient elliptic PDEs discretized via a composite spectral collocation method},
  author={Martinsson, Per-Gunnar},
  journal={Journal of Computational Physics},
  volume={242},
  pages={460--479},
  year={2013},
  publisher={Elsevier}
}


@book{higham2008functions,
  title={Functions of matrices: theory and computation},
  author={Higham, Nicholas J},
  year={2008},
  publisher={Siam}
}

@article{guttel2013rational,
  title={Rational Krylov approximation of matrix functions: Numerical methods and optimal pole selection},
  author={G{\"u}ttel, Stefan},
  journal={GAMM-Mitteilungen},
  volume={36},
  number={1},
  pages={8--31},
  year={2013},
  publisher={Wiley Online Library}
}


@misc{sweet_repository,
  author={Schreiber, Martin and Peixoto, Pedro and Schmitt, Andreas},
  url = "https://github.com/schreiberx/sweet",
  year = {2017}
}

@article{SamNewSan2010,
  title={Parallelization in time of numerical simulations of fully developed plasma turbulence using the parareal algorithm},
  author={D. Samaddar and  D.E. Newman and R. Sanchez},
  journal={Journal of Computational Physics},
  volume={229},
  number={18},
  pages={6558-6573},
  year={2010}
}

@article{BerryElwasifetal2012,
  title={Event-based parareal: A data-flow based implementation of parareal},
  author={L.A. Berry and W.R. Elwasif and J.M. Reynolds-Barredo and D. Samaddar and R. Sanchez and D.E. Newman},
  journal={Journal of Computational Physics},
  volume={231},
  number={17},
  pages={5945-5954},
  year={2012}
}


@article{wiegmann2010fast,
  title={Fast Poisson, fast Helmholtz and fast linear elastostatic solvers on rectangular parallelepipeds},
  author={Wiegmann, A},
  journal={Lawrence Berkeley National Laboratory},
  year={2010}
}

@article{randall1994geostrophic,
  title={Geostrophic adjustment and the finite-difference shallow-water equations},
  author={Randall, David A},
  journal={Monthly Weather Review},
  volume={122},
  number={6},
  pages={1371--1377},
  year={1994}
}

@article{arakawa1977computational,
  title={Computational design of the basic dynamical processes of the UCLA general circulation model},
  author={Arakawa, Akio and Lamb, Vivian R},
  journal={Methods in computational physics},
  volume={17},
  pages={173--265},
  year={1977}
}

@article{mozdzynski2015partitioned,
  author = {Mozdzynski, George and Hamrud, Mats and Wedi, Nils}, 
  title = {A Partitioned Global Address Space implementation of the European Centre for Medium Range Weather Forecasts Integrated Forecasting System},
  volume = {29}, 
  number = {3}, 
  pages = {261-273}, 
  year = {2015}, 
  journal = {International Journal of High Performance Computing Applications},
  publisher={SAGE Publications}
}

@inproceedings{sodani2015knights,
  title={Knights landing (KNL): 2nd Generation Intel{\textregistered} Xeon Phi processor},
  author={Sodani, Avinash},
  booktitle={Hot Chips 27 Symposium (HCS), 2015 IEEE},
  pages={1--24},
  year={2015},
  organization={IEEE}
}


@article{ritchie1988application,
  title={Application of the semi-Lagrangian method to a spectral model of the shallow water equations},
  author={Ritchie, Harold},
  journal={Monthly Weather Review},
  volume={116},
  number={8},
  pages={1587--1598},
  year={1988}
}

@article{Madec14,
	author = {G Madec},
	title = {{NEMO ocean engine (Draft edition r6039)}},  
	journal = {Note du Pole de modelisation. Institut Pierre-Simon Laplace (IPSL)},
	year = {2014},
	volume = {27},
	pages = {ISSN No 1288-1619}
}	

@article {ENDGame2014,
author = {Wood, Nigel and Staniforth, Andrew and White, Andy and Allen, Thomas and Diamantakis, Michail and Gross, Markus and Melvin, Thomas and Smith, Chris and Vosper, Simon and Zerroukat, Mohamed and Thuburn, John},
title = {{An inherently mass-conserving semi-implicit semi-Lagrangian discretization of the deep-atmosphere global non-hydrostatic equations}},
journal = {{Quarterly Journal of the Royal Meteorological Society}},
volume = {140},
number = {682},
pages = {1505--1520},
year = {2014},
}

@article{Barros1995,
title = "The {IFS} model: A parallel production weather code ",
journal = "Parallel Computing ",
volume = "21",
number = "10",
pages = "1621 - 1638",
year = "1995",
note = "Climate and weather modeling ",
author = "S.R.M. Barros and D. Dent and L. Isaksen and G. Robinson and G. Mozdzynski and F. Wollenweber",
}

@book{Ehrendorfer2012spectral,
  title={Spectral numerical weather prediction models},
  author={Ehrendorfer, Martin},
  volume={124},
  year={2012},
  publisher={SIAM}
}

@article{frigo1999fast,
 author = {Frigo, Matteo},
 title = {A Fast Fourier Transform Compiler},
 journal = {SIGPLAN Not.},
 issue_date = {May 1999},
 volume = {34},
 number = {5},
 month = may,
 year = {1999},
 issn = {0362-1340},
 pages = {169--180},
 numpages = {12},
 publisher = {ACM},
 address = {New York, NY, USA},
} 


@article{CoxMathews2002,
title = "Exponential Time Differencing for Stiff Systems",
journal = "Journal of Computational Physics",
volume = "176",
number = "2",
pages = "430 - 455",
year = "2002",
note = "",
author = "S.M. Cox and P.C. Matthews"
}


@article{marek14elpa,
    address = {Warrington, UK},
    author = {Marek, Andreas and Blum, Volker and Johanni, Rainer and Havu, Ville and Lang, Bruno and Auckenthaler, Thomas and Heinecke, Alexander and Bungartz, Hans-Joachim and Lederer, Hermann},
    journal = {Psi-K Research Highlight},
    institution = {Psi-K},
    month = jan,
    number = {1},
    organization = {Psi-K},
    title = {The ELPA Library - Scalable Parallel Eigenvalue Solutions for Electronic Structure Theory and Computational Science},
    volume = {2014},
    year = {2014}
}



@article{harding2015fault,
  title={Fault Tolerant Computation with the Sparse Grid Combination Technique},
  author={Harding, Brendan and Hegland, Markus and Larson, Jay and Southern, James},
  journal={SIAM Journal on Scientific Computing},
  volume={37},
  number={3},
  pages={C331--C353},
  year={2015},
  publisher={SIAM}
}


@incollection{teich2011invasive,
  title={Invasive computing: An overview},
  author={Teich, J{\"u}rgen and Henkel, J{\"o}rg and Herkersdorf, Andreas and Schmitt-Landsiedel, Doris and Schr{\"o}der-Preikschat, Wolfgang and Snelting, Gregor},
  booktitle={Multiprocessor System-on-Chip},
  pages={241--268},
  year={2011},
  publisher={Springer}
}


@article{moore2006cramming,
  title={Cramming more components onto integrated circuits Reprinted from Electronics, volume 38, number 8, April 19, 1965, pp. 114 ff.},
  author={Moore, Gordon E},
  journal={IEEE Solid-State Circuits Newsletter},
  volume={3},
  number={20},
  pages={33--35},
  year={2006}
}

@inproceedings{kruger2003linear,
  title={Linear algebra operators for GPU implementation of numerical algorithms},
  author={Kr{\"u}ger, Jens and Westermann, R{\"u}diger},
  booktitle={ACM Transactions on Graphics (TOG)},
  volume={22},
  number={3},
  pages={908--916},
  year={2003},
  organization={ACM}
}


@article{dennard1974design,
  title={Design of ion-implanted MOSFET's with very small physical dimensions},
  author={Dennard, Robert H and Rideout, VL and Bassous, E and Leblanc, AR},
  journal={Solid-State Circuits, IEEE Journal of},
  volume={9},
  number={5},
  pages={256--268},
  year={1974},
  publisher={IEEE}
}


@article{heath2015tale,
  title={A tale of two laws},
  author={Heath, Michael T},
  journal={International Journal of High Performance Computing Applications},
  pages={1094342015572031},
  year={2015},
  publisher={SAGE Publications}
}

@article{ClancyPudykiewcz2013,
title = "On the use of exponential time integration methods in atmospheric models",
journal = "Tellus A",
volume = "65",
number = "",
pages = "1-16",
year = "2013",
author = "Colm Clancy and Janusz A. Pudykiewicz",
}

@article{Garciaetall2014,
title = "Exponential versus IMEX high-order time integrators for thermal convection in rotating spherical shells",
journal = "Journal of Computational Physics",
volume = "264",
number = "",
pages = "41-54",
year = "2014",
author = "Ferran Garcia and Luca Bonaventura and Mart Net and Juan S\'{a}nchez",
}


@inproceedings{speck2012massively,
  title={A massively space-time parallel N-body solver},
  author={Speck, Robert and Ruprecht, Daniel and Krause, Rolf and Emmett, Matthew and Minion, Michael and Winkel, Mathias and Gibbon, Paul},
  booktitle={Proceedings of the International Conference on High Performance Computing, Networking, Storage and Analysis},
  pages={92},
  year={2012},
  organization={IEEE Computer Society Press}
}


@article{Hochbruck2010,
  title={Exponential integrators},
  author={Hochbruck, Marlis and Ostermann, Alexander},
  journal={Acta Numer},
  volume={19},
  pages={209--286},
  year={2010},
  publisher={Cambridge Univ Press}
}

@article{Bonaventura15,
  author    = {Luca Bonaventura},
  title     = {Local Exponential Methods: a domain decomposition approach to exponential
               time integration of PDEs},
  journal   = {CoRR},
  volume    = {abs/1505.02248},
  year      = {2015},
  url       = {http://arxiv.org/abs/1505.02248},
}

@article{courant1928partiellen,
  title={{\"U}ber die partiellen Differenzengleichungen der mathematischen Physik},
  author={Courant, Richard and Friedrichs, Kurt and Lewy, Hans},
  journal={Mathematische annalen},
  volume={100},
  number={1},
  pages={32--74},
  year={1928},
  publisher={Springer}
}


@incollection{Gander15,
author = {Gander, M. J.},
title = {50 Years of Time Parallel Time Integration},
year = {2015},
booktitle = {Multiple Shooting and Time Domain Decomposition},
publisher = {Springer-Verlag},
editor={Carraro, T. and Geiger, M. and Korkel, S. and Rannacher, R.}
}

@article{rivier2002efficient,
  title={An efficient spectral dynamical core for distributed memory computers},
  author={Rivier, L and Loft, R and Polvani, Lorenzo M},
  journal={Monthly weather review},
  volume={130},
  number={5},
  pages={1384--1396},
  year={2002}
}


@article{Haut_Wingate_14,
author = {Haut, T. S. and Wingate, B. A.},
title = {As asymptotic parallel-in-time method for highly oscillatory PDEs},
journal = {SIAM Journal on Scientific Computing},
volume = {36},
number = {2},
pages = {A693--A713},
year = {2014},
}


@article{Embid_Majda_96,
author = {Embid, P. F. and Majda, A. J.},
title = {Averaging over fast gravity waves for geophysical flows with arbitrary potential vorticity},
journal = {Communications in Partial Differential Equations},
volume = {21},
number = {3--4},
pages = {619--658},
year = {1996},
}


@article{Moler2003,
  title={Nineteen dubious ways to compute the exponential of a matrix, twenty-five years later},
  author={Moler, Cleve and Van Loan, Charles},
  journal={SIAM review},
  volume={45},
  number={1},
  pages={3--49},
  year={2003},
  publisher={SIAM}
}


@article{Gander2013,
  title={PARAEXP: A parallel integrator for linear initial-value problems},
  author={Gander, Martin J and Guettel, Stefan},
  journal={SIAM Journal on Scientific Computing},
  volume={35},
  number={2},
  pages={C123--C142},
  year={2013},
  publisher={SIAM}
}


@article{Haut2015,
  title={A high-order time-parallel scheme for solving wave propagation problems via the direct construction of an approximate time-evolution operator},
  author={Haut, TS and Babb, T and Martinsson, PG and Wingate, BA},
  journal={IMA Journal of Numerical Analysis},
  year={2015},
  publisher={Oxford University Press}
}

