@Book{bellan:66,
 author   = {Richard Bellman},
 title    = {Numerical Inversion of te Laplace Transform: Applications to Biology, Economics Engineering and Physics},
 publisher= {American Elsevier Publishing Company, INC},
 year     = {1966},
}

@Book{ac:91,
 author   = {A. C.Groove },
 title    = {An Introduction to the Laplace Transform and Z-Transform},
 publisher= {Prentinss Hall International},
 year     = {1991},
}

@Book{joel:88,
 author   = {Joel L. Schiff},
 title    = {Laplace Transform Theory},
 publisher= {D. Van Nostrand Company LTD},
 year     = {1988},
}

@Book{mg:66,
 author   = {M. G. Smith},
 title    = {The Laplace Transform: Theory and Applicarions},
 publisher= {Springer},
 year     = {1966},
}

@Book{murray:65,
 author   = {Murray R. Spiegel},
 title    = {Theory and Problems of Laplace Transforms},
 publisher= {McGraw Hill},
 year     = {1965},
}

@Misc{pierre:bio,
 author   = {Wikipedia Contributors},
 title    = {Pierre-Simon Laplace},
 year     = {2019},
 month    = September,
 note     = {Last revision 17/10/2019},
 howpublished= {\url{https://en.wikipedia.org/w/index.php?title=Pierre-Simon_Laplace&oldid=916118899}},
}
%%%%%%%%%%%%%%%%%%%%%%%%%%%%%%%%%

@book{jonhm:03,
 author   = {Jonh Mackintosh Howie },
 title    = {Complex Analysis},
 publisher= {Springer - Verlag London},
 year     = {2003}
}

@book{marks:03,
 author   = {Marks J. Ablowitz, Athanassios S. Fokas},
 title    = {Complex Variables: Introduction and Applications},
 edition = {2nd},
 publisher= {Cambrigde University Press, New York},
 year     = {2003}
}

@book{jose:04,
 author   = {Jose Figueroa O'Farrill},
 title    = {Mathematical Techniques},
 publisher= {University of London},
 email = { j.m.figueroa@qmw.ac.uk},
 year     = {2004}
}

@book{kreyszig:11,
 author   = {Erwin Kreiszig},
 title    = {Advanced Engineering Mathematics},
 publisher= {Laurie Rosatone},
 editorial ={ John Wiley & Sons. INC},
 edition = {10th},
 year     = {2011}
}

%%%%%%%%%%%%%%%%%%%%%%%%%%%%%%%%%%%%

@Article{cclancy11,
 author   = {Colm Clancy and Peter Lynch},
 title    = {Laplace Transform Integration of the Shallow Water Equations. Part 1: Eulerian formulation and Kelvi waves},
 journal  = {Quarterly Journal of Royal Metereological Society},
 pages    = {1-7},
 year     = {2011},
}

@PhdThesis{clancy:PhD,
 author   = {Colm Clancy},
 title    = {A Filtering Laplace Transform Integration Scheme for Numerical Weather Prediction},
 school   = {School of Mathematical Sciences},
 year     = {2010},
 month    = {September}
}

@Techreport{peter86:fore,
 author   = {Peter Lynch},
 title    = {Numerical Forecasting using Laplace Transforms Theory and Applications to the Data Assimilation},
 institution= {Irish Metereological Service},
 year     = {1986},
 number   = {TN-48},
 address  = {Glasnevin Hill, {Dublin}}
}

@Techreport{van85:sta,
 author   = {Van Isaker,J and W. Struylaert},
 title    = {Numerical Forecasting using Laplace Transforms},
 institution= {Royal Belgian Meteorological Institute},
 year     = {1985},
 number   = {A-115},
 address  = {Belgium}
}

%%%%%%%%%%%%%%%%%%%%%%%%%%%%%%%%%%%% 

@Article{pete85,
 author   = {Peter Lynch},
 title    = {Initialization of the Barotropic Limited-Area Model Using the Laplace Transform Technique },
 journal  = {American Metereological Society},
 volume = {113},
 year     = {1985},
}

@Article{peteclan87,
 author   = {Van Isacker, J and W. Struylaert},
 title    = {Laplace Transform Applied to a Baroclinic Model },
 journal  = {Royal Metereological Society},
 year     = {1987},
}

@Article{peteclan15,
 author   = {Colm Clancy and Peter Lynch},
 title    = {Notes and Correspondence improving the Laplace Transform Integration Method },
 journal  = {Royal Metereological Society},
 year     = {2015},
}

%%%%%%%%%%%%%%%%%%%%%%%%%%%%%%%%%%%%%

@Book{nico:02,
 author   = {Nicholas J. Higham },
 title    = {Accuracy and Stability of Numerical Algorithms},
 edition  = {2nd},
 publisher= {SIAM},
 year     = {2002},
}

@Book{cris:97,
 author   = {Christoph W. Uerberhuber},
 title    = {Numerical Computation 1: Methods, Software and Analysis},
 publisher= {Springer},
 year     = {1997},
}

@Book{suli:03,
 author   = {Endre S\"{u}li and David Mayers},
 title    = {Introduction to Numerical Analysis},
 publisher= {Cambridge},
 year     = {2003},
}

@Book{stoer:02,
 author   = {R. Burlish, J. Stoer},
 title    = {Introduction to Numerical Analysis},
 publisher= {Springer},
 edition     = {3rd},
 year     = {2002},
}

@Book{eugene:96,
 author   = {Eugene Isaacson and Herbert Bishop},
 title    = {Introduction to Numerical Analysis},
 publisher= {Cambridge},
 year     = {2003},
}

@Book{david:13,
 author   = {David A. Randall },
 title    = {An Instroduction to Numerical Modeling of the Atmosphere},
 publisher= {Department of Atmospheric Science,Colorado State University},
 year     = {2013},
}
@Book{jean:11,
 author   = {Jean Coiffer },
 title    = {Fundamentals of Numerical Weather Prediction},
 publisher= {Cambrigde University Press},
 year     = {2011},
}
@Book{eugene:13,
 author   = {Harmut Logemann and Eugene P. Ryan },
 title    = {Ordinary Differential Equations: Analysis, Qualitative Theory and Control},
 publisher= {Springer},
 year     = {2013},
}
@Book{rud:54,
 author   = {Rudolph E. Langer },
 title    = {A First Course in Ordinary Differential Equations},
 publisher= {John Wiley and Sons, INC},
 year     = {1954},
}
@Book{shair:14,
 author   = {Shair Ahmad and Antonio Ambrosetti },
 title    = {A textbook on Ordinary Differential Equations},
 publisher= {Springer},
 year     = {2014},
}
@Book{deng:15,
 author   = {Yuefan Deng },
 title    = {Lectures, Problems and Solutions for Ordinary Differential Equations},
 publisher= {World Scientific Publishing},
 year     = {2015},
}
@Article{yan10,
 author   = {Hu Sheng, Yan Li and Yan Quan Chen},
 title    = {Applications of Numerical Inverse Laplace Transform Algorithms in Fractional Calculus},
 journal  = {Franklin Insitute},
 publisher= {Elsevier,LTD},
 year     = {2010},
}
@Article{al16,
 author   = {Nawfal Al, Zubaidi Smith and Lubomir Brancik},
 title    = {Comparative Study on One-Dimensional Numerical Inverse Laplace Transform Methods for Electrical Engineering},
 journal  = {ElectroRevue},
 volume={18th},
 year     = {2016},
}
@Article{rani19,
 author   = {Dimple Rani, Vinod Mishra and Carlo Cattani},
 title    = {Numerical Inverse Laplace Transform for Solving a Class of Fractional Differential Equations},
 journal  = {Simety},
 year     = {2019},
}
@Article{javi13,
 author   = {Mohammad Javidi and Bashir Ahmad},
 title    = {Numerical Solution of Fractional Partial Differential Equations by Numerical Laplace Inversion Techniques},
 journal  = {Springer - Advances in Difference Equations},
 year     = {2013},
}
@Article{craig94,
 author   = {I.J.D. Craig and A.M. Thompson},
 title    = {Why Laplace Transforms are Difficult to Invert Numerically},
 journal  = {Computers in Physics},
 volume = {8},
 number={6},
 month={December},
 year     = {1994},
}
@Article{clynch15,
 author   = {Colm Clancy and Peter Lynch},
 title    = {Improving the Laplace Transform Integration Method},
 journal  = {Quarterly Journal of the Royal Metereological Society},
 volume = {142},
  pages = {1196-1200},
 month={December},
 year     = {1994},
}
@Article{alan99,
 author   = {Alan Davies},
 title    = {The Solution of Differential Equations Using Numerical Laplace Transforms},
 journal  = {International},
 volume = {30:1},
 pages = {65-79},
 year     = {1999},
}
@Article{ashan12,
 author   = {Mahmud Ashan},
 title    = {Numerical Solution of the Advection - Diffusion Equation Using Laplace Transform Finite Analytic Method},
 journal  = {International Jouernal of River Basin Management},
 volume = {10:2},
 pages = {177-188},
 year     = {2012},
}
@MastersThesis{edgard:Masters,
 author   = {Edgard Ngounda},
 title    = {Numerical Methods for Integrating Lineal Parabolic Partial Differential Equations},
 school   = {Applied Mathematics, Department of Mathematical Sicences. University of Stellenbosch, South Africa},
 year     = {2009},
 month    = {January}
}

@Article{plynch96,
 author   = {Peter Lynch},
 title    = {The Swinging Spring: A Simple Model of Atmospheric Balance},
 journal  = {Proceedings of the Symposium on the Mathematics of Atmosphere-Ocean Dynamics, Isaac Newton Institute},
 publisher = {Cambridge University Press},
 year     = {1996},
}

%%%%%%%%%%%%%%%%%%%%%%%%%%%%%%%%%%%%%

@Book{kinkaid:08,
 author   = {Wan Cheney and David Kincaid},
 title    = {Numerical Mathematics and Computing},
 edition = {6th},
 publisher= {Thomson Brookscole},
 year     = {2008},
}
%%%%%%%%%%%%%%%%%%%%%%%%%%%%%%%%%%%%% 
@book{david:10,
 author   = {David F. Griffiths and Desmond J. Highman },
 title    = {Numerical Methods for Ordinary Differential Equations, Initial Value Problems},
 editorial ={ Springer},
 year     = {2010}
}

@Article{ls18,
 author   = {L. S. Sawant},
 title    = {Applications of Laplace Transform in Engineerig Fields},
 journal  = {International Reasearch Journal of Engineering and Technology (IRJET)},
 volume    = {05},
 year     = {2018},
}


